1988 3138
508 105 735 151 NATUR.
766 104 1019 159 QUAEST.
1051 105 1161 150 Lm.
1194 105 1270 149 vi.
1307 110 1375 150 19.
1410 110 1480 150 20.
1735 105 1842 157 219

145 228 343 281 fundus
383 229 497 298 ipse
535 228 777 280 vitiatur:
826 230 954 279 tunc
993 245 1055 280 ea
1092 245 1216 296 pars
1262 226 1539 296 premitur,
1586 228 1641 279 in
1682 245 1840 296 quam

146 303 377 356 maxime
409 321 665 372 aquarum
696 302 1034 373 vergentium
1072 301 1283 370 pondus
1323 302 1559 354 inclinat.
1623 302 1844 371 spiritus
1879 316 1904 355 4

145 395 272 430 vero
316 394 720 445 nonnumquam
769 377 998 445 impellit
1045 375 1212 429 undas
1261 379 1336 444 et,
1359 377 1429 428 si
1475 375 1843 430 vehementius

146 451 365 519 institit,
415 470 531 504 eam
582 452 787 503 scilicet
835 453 1043 519 partem
1093 454 1266 503 terrae
1317 454 1518 520 movet,
1575 451 1632 503 in
1682 469 1843 520 quam

97 547 123 580 z
147 530 356 580 coactas
396 544 560 595 aquas
607 526 814 594 intulit3
860 542 1265 594 nonnumquam
1307 526 1363 576 in
1405 528 1614 578 terrena
1654 526 1845 579 itinera

147 602 418 653 coniectus
479 603 533 652 et
594 600 797 652 exitum
859 617 1117 667 quaerens
1173 603 1354 652 movet
1417 601 1608 652 omnia.
1702 603 1844 653 terra

146 678 323 727 autem
362 674 704 743 penetrabilis
737 675 910 726 ventis
952 673 1079 743 [est]
1121 677 1175 726 et
1213 675 1435 743 spiritus
1469 674 1718 727 subtilior
1748 679 1844 746 est,

147 766 308 818 quam
355 753 416 801 ut
460 749 633 818 possit
679 748 911 816 excludi,
950 748 1331 816 vehementior,
1378 767 1540 817 quam
1579 753 1640 802 ut
1687 751 1843 803 susti-

143 824 259 876 neri
299 824 593 876 concitatus
633 840 694 875 ac
731 822 984 892 rapidus.'

74 917 124 951 ιο
257 895 453 950 Omnes
479 898 607 949 istas
633 915 748 950 esse
779 915 937 966 posse
970 915 1156 950 causas
1182 897 1502 966 Epicurus
1535 899 1610 951 ait
1640 900 1844 967 plures·
1877 913 1902 951 5

146 989 251 1040 que
290 972 420 1024 alias
466 975 694 1041 temptat
733 976 787 1025 et
824 972 970 1040 illos,
1017 972 1110 1041 qui
1150 971 1354 1041 aliquid
1399 990 1567 1025 unum
1614 991 1679 1025 ex
1727 974 1844 1027 istis

143 1062 257 1099 esse
303 1046 726 1115 affirmaverunt,
780 1047 1025 1116 corripit,
1073 1064 1195 1099 cum
1243 1047 1314 1099 sit
1360 1047 1583 1100 arduum
1634 1047 1696 1100 de
1743 1048 1844 1119 his,

143 1137 279 1189 quae
311 1122 617 1174 coniectura
654 1121 987 1190 assequenda
1027 1125 1165 1189 sunt,
1205 1121 1409 1190 aliquid
1450 1123 1581 1175 certi
1619 1124 1842 1191 promit-

142 1197 265 1248 tere.
323 1195 508 1266 ‘ergo’,
546 1199 606 1248 ut
637 1197 728 1264 ait,
760 1195 958 1265 ‘potest
989 1199 1186 1249 terram
1218 1214 1431 1249 movere
1463 1214 1616 1265 aqua,
1649 1198 1695 1250 si
1725 1217 1844 1267 par·
1877 1211 1902 1250 6

75 1289 119 1324 ιι
142 1272 223 1322 tes
263 1270 467 1339 aliquas
507 1271 640 1323 eluit
686 1274 740 1323 et
787 1270 1011 1339 adrosit,
1058 1271 1253 1338 quibus
1302 1271 1460 1324 desiit
1507 1289 1663 1339 posse
1703 1275 1844 1325 exte-

141 1345 320 1396 nuatis
353 1345 620 1412 sustineri,
652 1345 797 1414 quod
835 1346 1058 1416 integris
1090 1345 1373 1399 ferebatur.
1437 1349 1616 1414 potest
1647 1350 1844 1399 terram

142 1436 356 1472 movere
412 1416 691 1488 impressio
748 1421 990 1489 spiritus:
1051 1421 1278 1473 fortasse
1334 1421 1392 1472 in
1447 1421 1559 1473 ima
1615 1426 1704 1474 aer
1758 1440 1844 1474 ex·

142 1493 402 1547 trinsecus
427 1494 533 1546 alio
560 1495 790 1547 intrante
816 1499 934 1547 aere
959 1495 1207 1566 agitatur,
1231 1495 1458 1548 fortasse
1483 1496 1663 1564 aliqua
1692 1499 1844 1565 parte

143 1567 323 1621 subito
362 1567 638 1622 decidente
676 1571 976 1638 percutitur
1013 1573 1066 1622 et
1105 1570 1227 1622 inde
1266 1573 1475 1622 motum
1516 1571 1671 1639 capit.
1739 1571 1845 1624 for-

71 1662 120 1697 to
141 1645 282 1695 tasse
321 1643 500 1712 aliqua
546 1662 669 1712 pars
716 1648 887 1696 terrae
925 1645 1073 1697 velut
1119 1645 1383 1697 columnis
1424 1644 1742 1712 quibusdam
1784 1663 1846 1699 ac

141 1717 268 1786 pilis
308 1719 623 1786 sustinetur,
670 1718 864 1787 quibus
905 1719 1106 1771 vitiatis
1147 1737 1209 1773 ac
1246 1718 1618 1773 recedentibus
1662 1721 1845 1772 tremit

141 1791 351 1862 pondus
384 1792 710 1862 impositum.
774 1794 1000 1846 fortasse
1026 1793 1198 1846 calida
1222 1794 1301 1846 vis
1328 1794 1548 1863 spiritus
1581 1795 1638 1846 in
1662 1795 1842 1865 ignem
1879 1807 1902 1846 7

140 1884 293 1919 versa
330 1871 383 1919 et
422 1867 636 1920 fulmini
677 1868 867 1920 similis
902 1887 1023 1922 cum
1065 1885 1260 1938 magna
1300 1871 1476 1939 strage
1510 1869 1839 1922 obstantium

142 1941 323 1994 fertur.
378 1941 604 1995 fortasse
635 1941 900 2011 palustres
925 1946 979 1995 et
1011 1943 1242 1996 iacentes
1268 1961 1431 2011 aquas
1458 1943 1651 2012 aliquis
1685 1943 1843 1997 flatus

260 2113 312 2153 10
330 2110 565 2167 Epicwrea
587 2112 647 2166 fr.
667 2115 755 2155 351
781 2111 854 2156 Ue.
876 2125 924 2168 p.
941 2114 1030 2156 231
1048 2113 1137 2169 1122
1161 2112 1220 2167 cf.
1240 2112 1416 2157 Aetnae
1439 2126 1479 2157 v.
1499 2115 1587 2157 345
1607 2113 1841 2170 (spiritus)

141 2170 222 2226 qui
251 2170 472 2224 fulminat
504 2171 643 2229 iynes.

260 2329 283 2368 1
316 2326 509 2387 fundus]
543 2326 756 2371 funditus
789 2328 827 2372 δ
853 2330 859 2381 Ι
889 2341 1030 2384 quam
1055 2329 1168 2387 629]
1202 2341 1295 2385 qua
1320 2329 1397 2387 λρ
1427 2330 1441 2385 ΙΙ
1475 2332 1500 2371 3
1534 2327 1645 2385 imp.
1671 2328 1843 2387 undas]

143 2396 290 2442 aquas
328 2384 439 2443 imp.
465 2389 504 2431 d
541 2389 555 2444 fl
593 2391 621 2430 4
658 2390 781 2431 terre
814 2390 997 2444 partem
1028 2389 1125 2433 coll.
1152 2389 1229 2432 M·
1268 2390 1282 2444 ΙΙ
1323 2392 1348 2430 δ
1382 2389 1451 2446 in]
1492 2387 1593 2444 ipse
1625 2387 1674 2431 in
1710 2388 1845 2432 Gertz

141 2444 262 2499 salso
290 2447 306 2502 Ι
336 2449 365 2489 8
395 2448 521 2490 terra
553 2448 648 2505 6⁶1⁸]
686 2450 734 2491 et
764 2449 796 2490 t.
834 2449 887 2491 Φ
909 2449 924 2504 ΙΙ
948 2452 973 2491 7
1008 2450 1081 2491 est
1105 2449 1243 2505 prius
1274 2446 1357 2491 del.
1387 2447 1465 2492 Ge.
1493 2447 1697 2502 Skutsch,
1728 2452 1842 2503 post.

143 2516 226 2547 om.
273 2507 308 2548 Ι
351 2507 367 2562 ΙΙ
413 2509 440 2548 8
480 2506 584 2551 neh.
655 2510 702 2551 et
748 2506 853 2550 ueh.
895 2508 933 2551 ό·
979 2509 993 2564 ΙΙ
1040 2511 1068 2550 9
1107 2506 1393 2566 concitatus]
1443 2507 1653 2551 concitus
1694 2506 1796 2551 <51²¹
1830 2508 1844 2564 ΙΙ

144 2566 197 2605 10
386 2578 486 2609 esse
509 2580 559 2611 co
599 2603 607 2611 .
634 2567 716 2611 62
747 2568 762 2622 11
794 2571 839 2609 11
871 2566 977 2611 illos
1010 2566 1195 2625 Usener]
1229 2566 1348 2610 alios
1379 2569 1393 2623 11
1426 2571 1477 2610 12
1511 2566 1631 2625 esse]
1665 2580 1749 2610 om.
1777 2567 1840 2622 <51

146 2619 219 2665 his
270 2622 338 2667 eis
369 2625 443 2681 λη
473 2629 524 2669 18
557 2639 707 2682 asseq.
744 2626 899 2685 Krollj
941 2626 1179 2682 sequenda
1210 2628 1224 2681 ΙΙ
1256 2630 1307 2669 14
1338 2627 1412 2684 ut]
1453 2641 1536 2671 om.
1564 2627 1602 2670 δ
1632 2628 1646 2682 ΙΙ
1679 2630 1729 2668 15
1763 2624 1845 2669 ad-

144 2684 262 2726 rosit
291 2685 368 2727 HJ
375 2686 518 2744 100]
566 2685 736 2730 arrosit
766 2686 846 2729 «51.
893 2685 1073 2729 adrasit
1105 2700 1136 2739 g
1182 2685 1362 2729 abrasit
1393 2689 1428 2728 Β
1467 2687 1481 2742 ΙΙ
1520 2690 1571 2729 16
1605 2683 1843 2743 sustineri]

145 2753 244 2785 -ere
268 2742 307 2786 ό
332 2744 340 2799 Ι
365 2741 624 2804 serebatur]
659 2744 761 2789 -bat
784 2746 903 2801 Asc)
926 2748 941 2802 ΙΙ
965 2750 1014 2788 17
1043 2746 1090 2789 in
1114 2746 1210 2789 ima
1234 2745 1318 2802 (vel
1341 2745 1452 2799 imo)
1482 2758 1562 2788 aer
1589 2744 1696 2847 Hel}
1721 2743 1846 2787 enim

145 2813 227 2844 aer
256 2802 295 2845 ό
332 2807 372 2846 et
409 2806 458 2847 ct
503 2804 609 2849 add.
647 2807 713 2858 Φ,
761 2818 798 2848 e.
834 2807 940 2849 aere
981 2805 1148 2850 Usener
1178 2806 1192 2861 Ι]
1223 2809 1274 2847 18
1308 2805 1434 2863 aere]
1467 2818 1549 2849 om.
1584 2819 1616 2862 ρ
1695 2818 1801 2847 uase
1830 2806 1844 2861 ΙΙ

145 2863 197 2903 1⁹
228 2873 347 2917 perc.
383 2861 481 2907 dec.
512 2863 610 2909 coll.
646 2865 684 2909 δ
714 2866 729 2920 ΙΙ
759 2867 819 2907 20
851 2863 1114 2921 columpnis
1147 2868 1443 2907 Ansxor'r
1486 2866 1500 2920 ΙΙ
1538 2868 1590 2907 21
1622 2863 1722 2921 vit]
1760 2862 1845 2906 im-

144 2918 292 2976 pulsis
324 2921 362 2965 «5
392 2924 408 2978 Ι
445 2926 503 2967 28
535 2924 603 2981 et]
634 2938 717 2967 om.
745 2924 783 2968 d*
812 2925 828 2979 ΙΙ
858 2927 917 2967 24
950 2927 997 2968 et
1029 2923 1137 2982 iac]
1171 2937 1224 2967 ac
1258 2923 1343 2967 iac.
1379 2924 1415 2967 d
