1988 3138
177 118 282 170 136
433 156 457 161 »,
713 120 762 164 L.
794 120 1031 164 ANNAEI
1062 121 1332 167 SENECAE

112 254 140 293 4
174 240 389 308 conditi,
426 242 656 293 multum
689 242 972 294 fluminum
1004 262 1101 311 per
1133 247 1317 312 operta
1347 245 1655 297 labentium.
1717 247 1868 298 undi-

172 333 275 382 que
315 333 441 384 ergo
483 317 583 367 erit
634 334 792 372 causa
831 317 1048 384 diluvio,
1100 336 1222 370 cuni
1274 319 1406 371 aliae
1448 338 1613 387 aquae
1666 321 1868 372 subter-

173 388 347 440 fluant
396 392 584 458 terras,
645 391 777 442 aliae
829 391 1222 459 circumfluant,
1273 411 1407 460 quae
1463 394 1553 445 diu
1609 395 1866 447 coercitae

170 463 386 515 vincent
436 466 488 515 et
540 482 719 516 amnes
761 466 1005 517 amnibus
1045 466 1288 535 iungent,
1339 468 1623 535 paludibus
1666 472 1864 552 stagna.

172 538 412 589 omnium
462 540 592 591 tunc
642 557 786 591 mare
838 558 930 591 ora
987 540 1218 591 fontium
1269 541 1516 609 implebit
1566 545 1618 593 et
1668 544 1867 595 maiore
1913 564 1933 596 5

169 611 321 663 hiatu
355 613 538 664 solvet.
595 613 1040 680 quemadmodum
1069 632 1292 698 corpora
1322 619 1506 667 nostra
1537 617 1603 667 ad
1627 620 1866 686 egestum

170 689 354 738 venter
393 685 652 754 exhaurit,
693 688 1140 755 quemadmodum
1179 689 1236 740 in
1277 689 1522 742 sudorem
1555 694 1683 742 eunt
1714 692 1867 759 vires,

169 760 245 811 ita
294 761 454 812 tellus
503 761 744 829 liquefiet
794 765 848 814 et
898 763 1016 814 aliis
1057 763 1230 816 causis
1280 764 1674 831 quiescentibus
1727 766 1868 817 intra

170 852 240 901 se,
292 853 397 902 quo
438 838 723 905 mergatur,
774 837 1030 905 inveniet3
1082 837 1173 889 sed
1222 839 1394 908 magis
1443 840 1623 891 omnia
1663 840 1867 891 coitura

171 909 496 961 crediderim.
572 927 672 962 1166
721 911 883 980 longa
923 911 1024 962 erit
1063 929 1212 963 mora
1251 913 1421 964 exitii:
1462 916 1754 982 temptatur
1793 914 1866 965 di·
1892 936 1934 967 ιο

168 983 490 1051 velliturque
517 985 813 1036 concordia.
870 1004 991 1038 cum
1018 987 1182 1038 semel
1214 987 1417 1054 aliquid
1449 1006 1513 1039 ex
1544 987 1645 1040 hac
1676 988 1867 1040 idonea

169 1056 448 1127 diligentia
484 1059 749 1111 remiserit
787 1060 1018 1111 mundus
1027 1100 1040 1127 ,
1082 1061 1261 1112 statim
1302 1061 1536 1130 undique
1578 1081 1642 1114 ex
1682 1066 1864 1131 aperto

169 1135 223 1183 et
273 1132 470 1200 abdito,
523 1152 748 1201 superne
800 1133 864 1185 ab
917 1134 1120 1202 infimO,
1170 1152 1428 1202 aquarum
1479 1136 1572 1188 fiet
1622 1137 1862 1205 irruptio.

168 1206 307 1258 nihil
361 1210 442 1259 est
496 1210 605 1259 tam
659 1208 978 1275 violentum,
1039 1212 1149 1260 tam
1205 1210 1540 1263 incontinens
1597 1212 1700 1279 sui,
1755 1215 1863 1263 tam

170 1284 457 1333 contumax
507 1282 868 1350 infestumque
918 1283 1270 1335 retinentibus
1328 1303 1487 1352 quam
1542 1303 1736 1354 magna
1784 1286 1864 1337 vis
1891 1307 1933 1338 15

168 1355 362 1407 undae:
394 1358 575 1407 utetur
604 1356 850 1409 libertate
882 1357 1141 1425 permissa
1172 1361 1225 1409 et
1256 1358 1470 1411 iubente
1501 1362 1706 1427 natura,
1731 1378 1865 1428 quae

169 1430 364 1481 scindit
416 1431 724 1499 circuitque,
777 1432 1079 1499 complebit.
1157 1435 1219 1484 ut
1268 1433 1408 1502 ignis
1461 1433 1681 1486 diversis
1731 1434 1865 1486 locis

169 1507 316 1556 ortus
359 1505 463 1556 cito
504 1505 694 1557 miscet
732 1506 1036 1558 incendium
1086 1506 1318 1559 flammis
1358 1508 1498 1559 coire
1537 1509 1866 1576 properanti-

167 1577 290 1646 bus,
331 1579 408 1631 sic
446 1583 719 1632 momento
761 1599 815 1632 se
853 1580 1205 1632 redundantia
1242 1582 1486 1649 pluribus
1525 1583 1658 1634 locis
1698 1583 1866 1635 maria

170 1653 518 1705 committent.
608 1673 707 1707 nec
758 1673 818 1706 ea
870 1673 1078 1723 semper
1126 1655 1343 1707 licentia
1392 1656 1549 1708 undis
1601 1658 1722 1724 erit,
1774 1657 1864 1709 sed
1889 1678 1932 1710 20

166 1730 382 1810 peracto
416 1729 580 1780 exitio
613 1729 822 1798 generis
858 1728 1078 1781 humani
1110 1731 1462 1796 extinctisque
1493 1732 1693 1799 pariter
1723 1732 1864 1798 feris,

165 1802 220 1852 in
262 1819 486 1869 quarum
525 1802 770 1855 homines
822 1804 1035 1873 ingenia
1074 1805 1415 1873 transierant,
1462 1806 1655 1857 iterum
1696 1823 1862 1873 aquas

163 1879 305 1927 terra
357 1876 613 1944 sorbebit,
664 1879 805 1929 terra
843 1879 1064 1947 pelagus
1106 1882 1243 1931 stare
1284 1882 1376 1930 aut
1421 1879 1562 1931 int-ra
1607 1881 1862 1932 terminos

165 1968 288 2002 suos
328 1951 502 2002 furere
544 1955 713 2021 coget,
754 1955 806 2003 et
843 1953 1070 2005 reiectus
1112 1971 1139 2004 e
1178 1953 1375 2005 nostris
1417 1954 1628 2006 sedibus
1669 1954 1725 2005 in
1766 1973 1860 2006 sua

150 2027 366 2076 'secreta
415 2026 646 2093 pelletur
685 2044 912 2078 oceanus
954 2030 1006 2078 et
1045 2027 1295 2095 antiquus
1338 2027 1467 2080 ordo
1506 2028 1855 2081 revocabitur.
1883 2048 1925 2081 25

165 2117 322 2151 omne
362 2118 427 2151 ex
476 2100 686 2170 integro
727 2101 925 2152 animal
970 2101 1302 2168 yenerabitur
1342 2101 1659 2170 dabiturque
1705 2102 1859 2155 terris

164 2170 327 2225 homo
379 2174 578 2226 inscius
631 2176 888 2227 scelerum
940 2179 994 2227 et
1042 2176 1352 2228 melioribus
1401 2177 1651 2244 auspiciis
1689 2180 1859 2229 natus.

166 2247 257 2299 sed
296 2248 403 2300 illis
438 2266 650 2317 quoque
691 2250 995 2302 innocentia
1034 2267 1143 2302 non
1176 2250 1400 2317 durabit,
1439 2252 1544 2302 nisi
1577 2251 1702 2303 dum
1734 2251 1861 2303 novi

284 2397 306 2435 1
340 2393 536 2452 conditi]
570 2395 760 2438 condita
784 2396 818 2438 λ
842 2396 856 2451 ΙΙ
883 2400 910 2438 2
937 2395 1246 2440 5111016111116111
1277 2397 1518 2454 60110106]
1551 2396 1863 2440 subterfluunt

162 2453 290 2511 θρΖ
324 2453 613 2509 superfluunt
636 2455 671 2498 λ
705 2455 994 2498 subinfluunt
1017 2470 1049 2511 η
1074 2457 1087 2512 1]
1113 2460 1138 2498 3
1165 2456 1506 2513 circumfluant]
1540 2456 1709 2498 -fluunt
1739 2461 1823 2512 ηΗ
1847 2458 1860 2512 ΙΙ

163 2515 191 2553 4
224 2513 290 2569 et]
333 2526 415 2556 om.
448 2527 480 2571 ρ
518 2514 522 2569 Ι
564 2513 837 2572 paludibus]
877 2514 1074 2571 paludes
1106 2516 1213 2571 λζῗ)
1253 2516 1266 2571 Η
1306 2520 1331 2557 8
1365 2515 1491 2573 aliis]
1533 2515 1698 2558 alienis
1736 2516 1811 2559 Ge.
1846 2518 1859 2572 ΙΙ

162 2575 189 2612 9
223 2571 324 2629 sed]
371 2571 411 2614 si
441 2572 579 2628 ηΕ.Ῐ2
625 2575 630 2629 Ι
678 2573 876 2631 coitura]
919 2573 1102 2616 ruitura
1137 2575 1276 2618 Gran.
1311 2576 1324 2630 Η
1363 2579 1408 2616 11
1448 2589 1504 2618 ex
1545 2575 1634 2617 hac
1677 2574 1859 2630 aliquid

162 2631 259 2674 coll.
300 2632 378 2674 Ἑλ
422 2632 427 2687 ί
471 2631 660 2690 idonea]
702 2633 888 2676 diutina
926 2633 1064 2677 Kroll
1109 2635 1122 2690 Ι]
1169 2638 1220 2677 16
1258 2634 1383 2676 unde
1426 2635 1543 2678 trad.
1585 2635 1598 2691 ΙΙ
1637 2639 1685 2677 17
1728 2636 1855 2677 ortus

161 2689 278 2732 locis
321 2691 418 2734 coll.
451 2692 529 2734 Ἑλ
561 2692 574 2748 Ι]
613 2696 664 2734 18
704 2692 871 2735 11115661
913 2692 1023 2750 inc.]
1068 2693 1284 2736 incentiva
1323 2708 1503 2737 mzscere
1540 2694 1856 2750 Veryilianum

161 2750 261 2806 6311]
292 2754 343 2791 19
376 2749 590 2805 pluribus
621 2750 756 2809 locis]
790 2765 872 2796 om.
899 2754 980 2795 J
987 2751 1003 2775 2
1026 2754 1039 2808 Η
1073 2757 1124 2794 21
1157 2753 1305 2795 exicio
1330 2757 1455 2794 FHL
1487 2754 1500 2809 Η
1533 2757 1590 2795 22
1621 2753 1853 2810 homines]

160 2810 190 2851 i.
225 2823 257 2852 e.
302 2810 490 2866 inqem'a
531 2811 778 2854 hominum.
820 2812 1176 2867 cf.p.129,13
1208 2813 1220 2868 ΙΙ
1253 2816 1309 2854 23
1341 2814 1466 2855 teira
1498 2813 1563 2869 p.]
1607 2814 1778 2855 terram
1810 2828 1854 2868 p.

159 2870 382 2924 nF)(?)Z
425 2870 531 2922 fort.
577 2871 735 2912 auster
766 2886 810 2925 p.
859 2871 936 2914 Ge.
983 2872 996 2927 Ι]
1039 2875 1097 2913 24
1141 2872 1208 2928 et]
1248 2886 1359 2914 num
1401 2872 1483 2915 del
1510 2871 1534 2914 ,9
1578 2873 1581 2927 Ι
1626 2872 1669 2928 6]
1711 2873 1782 2914 651
1822 2873 1856 2914 λ

162 2941 209 2969 56
243 2928 397 2985 (L¹‘?>z
430 2929 443 2984 ΙΙ
476 2933 533 2971 26
565 2930 868 2984 generabitur
890 2929 1108 2987 Fortun]
1143 2929 1424 2986 gloriabitur
1452 2933 1503 2974 Φ
1543 2931 1718 2974 orietur
1741 2935 1770 2973 Ζ
