1988 3138
28 987 68 1018 10

28 1358 69 1390 15

457 170 682 215 NATUR.
719 169 982 224 QUAEST..
1003 170 1114 214 LIB.
1146 169 1203 213 H.
1237 174 1428 214 49—52.
1726 168 1798 222 83

95 296 215 347 dam
264 298 390 347 sunt
433 294 596 359 laeta,
644 291 906 360 quaedam
955 291 1196 359 adversa,
1234 291 1534 360 <quaedam
1582 292 1800 360 mixta),

96 369 354 438 quaedam
395 385 495 421 nec
533 367 754 419 adversa
790 384 891 420 nec
928 367 1081 419 laeta.
1161 366 1503 419 adversorum
1543 365 1644 419 hae
1684 385 1799 434 spe-

96 445 202 497 cies
227 446 373 496 sunt:
405 445 498 494 aut
529 441 863 494 inevitabilia
885 441 1028 493 mala
1057 440 1388 509 portendunt
1410 444 1504 493 aut
1528 440 1800 494 evitabilia

95 522 188 570 aut
221 536 359 585 quae
398 516 570 568 minui
608 518 837 583 possunt
875 517 968 567 aut
999 532 1135 583 quae
1173 515 1465 585 prorogari.
1528 515 1675 571 laeta¹
1708 518 1800 567 aut

98 610 346 644 mansura
399 589 707 660 significant
760 593 854 642 aut
909 589 1120 642 caduca.
1215 589 1384 641 mixta
1439 593 1532 641 aut
1591 592 1798 658 partem

95 666 294 719 habent
343 665 472 717 boni
522 667 729 733 partem
782 664 910 716 mali
962 666 1055 716 aut
1104 664 1247 716 mala
1296 664 1353 716 in
1402 664 1606 716 bonum
1657 663 1798 733 [aut]

99 742 236 793 bona
286 740 343 791 in
382 740 585 791 malum
625 741 854 792 vertunt.
932 755 1032 791 nec
1071 737 1294 791 adversa
1331 755 1430 790 nec
1479 739 1622 791 laeta
1661 741 1800 805 sunt,

95 834 232 883 quae
270 814 506 883 aliquam
545 813 704 866 nobis
745 813 1011 866 actionem
1054 812 1376 882 significant,
1417 830 1523 880 qua
1560 831 1658 866 nec
1698 816 1800 866 ter·

95 890 198 942 reri
245 906 344 942 nec
388 888 577 942 laetari
617 887 895 955 debemuS‚
941 890 1004 939 ut
1040 887 1552 957 peregrinationem,
1599 888 1655 938 in
1696 905 1802 955 qua

96 982 191 1016 nec
233 967 406 1016 metus
446 963 733 1031 quicquam
773 979 872 1015 nec
911 962 1026 1030 spei
1066 962 1147 1014 sit.

205 1037 292 1089 51.
325 1035 587 1090 Revertor
617 1036 684 1088 ad
715 1054 777 1089 ea
808 1036 1051 1105 fulmina,
1083 1054 1220 1104 quae
1253 1035 1560 1106 significant
1584 1035 1799 1104 quidem

94 1112 299 1180 aliquid
322 1111 416 1164 sed
440 1111 584 1180 quod
609 1111 675 1162 ad
698 1129 797 1163 nos
829 1129 939 1163 non
970 1111 1256 1179 pertineat:
1296 1114 1571 1178 tamquam
1606 1111 1799 1163 iterum

94 1187 281 1239 eodem
321 1204 461 1238 anno
510 1185 649 1238 idem
701 1184 1031 1254 [hominum]
1083 1186 1326 1238 futurum
1376 1185 1604 1253 fulmen,
1654 1184 1801 1253 quod

95 1263 297 1314 factum
349 1264 442 1314 est.
532 1260 671 1312 nihil
722 1260 1031 1330 significant
1087 1260 1317 1312 fulmina
1367 1263 1461 1312 aut
1514 1259 1590 1329 id,
1646 1260 1799 1312 cuius

95 1336 288 1388 notitia
325 1353 425 1387 nos
466 1334 671 1404 effugit,
709 1338 772 1386 ut
810 1335 918 1402 illa,
958 1353 1094 1404 quae
1134 1335 1190 1386 in
1224 1337 1435 1387 vastum
1468 1353 1615 1388 mare
1654 1352 1800 1403 spar-

95 1414 295 1479 guntur
333 1413 427 1462 aut
465 1410 520 1461 in
554 1410 786 1462 desertas
827 1409 1164 1462 solitudines:
1206 1427 1435 1477 quorum
1476 1409 1799 1479 significatio

96 1486 179 1537 vel
217 1484 369 1536 nulla
407 1487 489 1537 est
526 1484 612 1536 vel
650 1484 802 1552 perit.

206 1558 292 1610 52.
343 1557 522 1611 Pauca
561 1557 735 1610 adhuc
774 1558 1000 1611 adiciam
1042 1558 1108 1610 ad
1148 1558 1492 1611 enarrandam
1535 1558 1645 1610 vim
1698 1558 1799 1611 ful·

97 1634 271 1699 minis,
304 1651 440 1701 quae
478 1651 589 1684 non
628 1632 813 1685 eodem
855 1633 1016 1685 modo
1059 1651 1272 1686 omnem
1315 1633 1593 1686 materiam
1626 1637 1796 1686 vexat.

97 1708 404 1773 valentiora,
436 1708 563 1775 quia
592 1707 863 1775 resistunt,
887 1705 1255 1760 vehementius
1288 1707 1526 1776 dissipat,
1559 1707 1800 1760 cedentia

94 1799 497 1851 nonnumquam
533 1782 648 1834 sine
684 1782 880 1834 iniuria
917 1782 1131 1850 transit3
1171 1799 1292 1834 cum
1332 1781 1511 1851 lapide
1549 1782 1799 1850 ferroque

94 1863 148 1910 et
198 1856 497 1909 durissimis
549 1856 852 1924 quibusque
904 1855 1170 1927 confligit,
1222 1856 1349 1924 quia
1394 1857 1535 1908 viam
1583 1874 1799 1911 necesse

95 1936 176 1984 est
213 1949 309 2000 per
347 1931 442 1983 illa
481 1931 684 1999 impetu
727 1935 968 1999 quaerat:
1016 1931 1200 1999 itaque
1239 1931 1371 1983 facit
1410 1949 1519 1999 qua
1557 1930 1799 2002 effugiat3

214 2109 371 2150 11—13
403 2108 461 2161 cf.
488 2107 614 2151 Ptin.
640 2107 746 2151 HN
773 2111 820 2162 2,
845 2110 931 2151 141
964 2107 1016 2150 in
1046 2107 1286 2165 fulyurum
1318 2120 1491 2163 quoque
1525 2108 1799 2164 interpreta-

94 2167 217 2212 tione
249 2181 299 2210 eo
323 2167 518 2224 profecit
548 2167 764 2220 scientia,
795 2172 846 2212 ut
878 2172 1072 2211 ventura
1101 2167 1202 2211 alia
1232 2167 1367 2222 finito
1396 2166 1470 2211 die
1494 2168 1750 2223 praecinat.

215 2334 237 2372 1
276 2329 509 2384 quaedam
557 2330 706 2374 mixta
751 2330 858 2374 add
899 2330 1081 2385 Haase,
1130 2331 1365 2387 quaedam
1412 2332 1461 2375 et
1507 2330 1704 2375 adversa
1751 2333 1799 2375 et

95 2388 224 2433 laeta
256 2389 414 2434 Rossb.
451 2393 467 2446 u
501 2394 527 2432 6
560 2390 799 2448 mansura]
832 2389 957 2434 bona
987 2391 1093 2435 add.
1126 2392 1262 2435 Gertz
1297 2394 1303 2447 Ι
1338 2391 1424 2435 aut
1453 2395 1560 2435 ante
1591 2390 1796 2449 partem]

96 2450 337 2494 avelom
372 2450 407 2493 λ
444 2451 460 2504 ΙΙ
498 2448 689 2508 eboni]
728 2450 1075 2507 autadd.A11
1118 2451 1317 2495 autdel
1354 2451 1431 2495 Ge
1480 2453 1495 2507 ΙΙ
1541 2450 1673 2509 out]
1715 2453 1800 2494 aut

97 2511 348 2552 Anrsxz
386 2513 402 2565 fl
439 2511 491 2551 10
531 2521 615 2552 nec
662 2508 763 2565 spei
806 2509 1059 2566 quicquam
1098 2510 1195 2554 coll.
1231 2513 1271 2554 Δ
1315 2512 1322 2568 Ι
1364 2510 1446 2568 sit]
1493 2510 1547 2553 fit
1580 2513 1746 2553 111101’
1782 2510 1787 2569 Ι

96 2573 140 2611 n
185 2570 393 2613 reuertor
424 2567 505 2626 ad]
547 2569 578 2611 i.
612 2583 667 2612 e.
721 2583 786 2613 me
822 2574 943 2614 verto
974 2570 1037 2614 acl
1067 2583 1121 2613 ea
1156 2584 1271 2626 quae
1302 2574 1475 2615 restam
1512 2571 1527 2625 11
1565 2574 1618 2612 12
1650 2569 1777 2625 quod

96 2641 217 2682 quae
249 2629 283 2671 λ
310 2629 318 2685 Ι
344 2627 600 2686 pertineat]
693 2627 838 2673 rtinet
859 2643 891 2683 g
915 2632 1022 2685 sort.
1048 2635 1161 2674 recte
1187 2632 1194 2685 Ι
1222 2629 1391 2673 iterum
1415 2630 1530 2687 ΒΦ]
1564 2629 1740 2672 nitrum
1763 2632 1797 2672 B

95 2693 252 2731 utrum
277 2690 438 2744 Δε(Δ·)
461 2690 477 2745 ΙΙ
507 2691 557 2730 13
591 2687 622 2730 ἱ(
643 2687 736 2746 em]
769 2687 920 2733 eidem
952 2691 1010 2745 (et
1041 2688 1219 2732 homini
1242 2704 1346 2734 ewm
1367 2689 1427 2732 2²
1443 2688 1619 2746 Haase)
1647 2690 1797 2742 Gertz,

97 2746 230 2792 dieve
261 2748 356 2791 Ieo
396 2751 411 2849 ὲ
447 2747 687 2791 hominum
719 2762 803 2792 om.
837 2750 877 2792 Δ
921 2750 928 2805 Ι
970 2748 1200 2816 futurum]
1244 2748 1307 2792 sit
1344 2749 1450 2793 add.
1484 2750 1524 2792 Δ
1570 2750 1576 2805 Ι
1619 2723 1797 2792 fulmeii

98 2807 222 2862 quod
249 2808 310 2865 Δ]
343 2807 393 2851 su
415 2819 553 2863 menq
558 2820 615 2850 ue
643 2808 716 2860 Φ,
748 2805 925 2852 fulmen
957 2807 1067 2863 quoi
1096 2809 1136 2850 (ι’
1140 2812 1246 2862 ertz,
1284 2808 1313 2852 f.
1347 2823 1439 2865 quo
1465 2807 1507 2851 L
1510 2823 1559 2852 eo
1583 2811 1598 2864 Η
1621 2812 1672 2850 14
1705 2808 1795 2864 est]

98 2866 162 2909 sit
190 2808 310 2910 ΗΔῙΙ
304 2870 350 2968 ΠΙ
361 2865 580 2924 fulmina]
612 2881 695 2910 om
722 2870 755 2909 Ρ
786 2872 838 2912 ut
868 2866 1092 2912 Schultess
1120 2870 1127 2922 Ι
1154 2870 1238 2910 aut
1269 2867 1339 2925 id]
1371 2870 1425 2911 ut
1456 2867 1505 2910 id
1539 2869 1578 2911 Δ
1614 2869 1629 2924 ΙΙ
1660 2871 1709 2909 15
1744 2871 1797 2909 ut

100 2924 202 2980 illa]
227 2924 316 2969 suti
339 2939 386 2969 ia
411 2926 648 2978 δἐΙηιὶιεεε,
672 2925 837 2982 utique
860 2925 945 2971 illa
972 2927 1049 2972 Ge
1075 2929 1091 2983 u
1114 2930 1165 2969 19
1190 2927 1457 2985 materiam!
1482 2928 1699 2971 naturam
1724 2927 1758 2970 λ
1782 2930 1798 2983 11

99 2988 156 3027 2³
193 2985 390 3042 impetn]
423 3000 506 3029 om.
540 2986 577 3029 ό
621 2987 627 3042 Ι
669 2985 803 3045 facit]
836 2986 866 3030 f.
899 2985 1023 3031 viam
1056 2989 1096 3030 Δ
1141 2990 1147 3042 Ι
1190 3001 1284 3043 qua
1315 2987 1421 3045 AB]
1454 2998 1575 3042 quae
1610 2987 1664 3030 Φ

1469 3061 1525 3102 68
