1988 3138
148 121 174 172 l
184 121 251 172 12
407 175 429 179 Ε
678 121 727 165 L.
761 119 998 163 ANNAEI
1031 119 1303 164 SENECAE

141 241 414 295 niculosae
477 241 768 310 inertisque
828 242 1069 294 luxuriae
1125 259 1284 309 quam
1347 260 1463 293 sero
1520 247 1840 309 experrectus

143 316 510 370 circumscribi
550 334 605 369 se
645 320 698 368 et
735 315 971 368 fraudari
1006 318 1159 367 tanto
1201 315 1343 367 bono
1384 316 1571 368 sensit:
1611 315 1715 368 hoc
1754 316 1839 367 ad-

85 405 109 442 2
142 392 249 443 11110
273 394 383 442 tam
408 390 633 458 pulchro
659 391 964 459 spectaculo
990 391 1281 458 piscatores
1305 390 1620 442 fruebantur
1635 421 1708 427 --
1733 409 1838 458 quo

146 469 356 518 coctum
406 464 632 532 piscem,
673 483 778 533 quo
830 464 1166 516 exanimem?
1243 464 1299 516 in
1346 463 1464 532 ipso
1511 463 1713 516 ferculo
1755 483 1840 516 ex-

141 538 314 608 piret'
393 539 720 591 mirabamur
773 542 983 591 tantum
1038 539 1146 590 illis
1202 539 1372 591 inesse
1426 538 1726 606 fastidium,
1780 542 1839 590 ut
1885 560 1905 591 5

142 615 349 667 nollent
388 613 648 683 attingere
680 613 785 665 nisi
822 612 1008 665 eodem
1041 613 1125 664 die
1158 615 1388 681 captum,
1430 613 1537 681 qui,
1576 615 1637 664 ut
1675 614 1839 678 aiunt,

143 691 352 757 saperet
376 688 553 756 ipsum
579 706 744 740 mare:
770 687 888 740 ideo
915 705 1068 739 cursu
1097 686 1472 754 advehebatur,
1496 687 1614 739 ideo
1642 686 1838 757 gerulis

143 780 265 815 cum
317 761 555 814 anhelitu
607 765 660 814 et
712 762 942 815 clamore
997 761 1408 829 properantibus
1466 762 1691 814 dabatur
1740 762 1839 813 via.

84 849 109 887 3
143 854 249 905 quo
282 854 568 905 pervenere
601 836 856 888 deliciae?
919 837 1024 887 iam
1055 854 1154 904 pro
1186 835 1402 904 putrido
1442 836 1526 888 his
1559 839 1640 889 est
1677 836 1838 904 piscis

143 912 363 964 occisus.
429 910 605 962 ‘hodie
638 911 857 962 eductus
890 910 1003 962 est.’
1069 909 1286 962 “nescio
1321 910 1384 961 de
1414 928 1471 962 re
1507 928 1701 979 magna
1739 910 1839 961 tibi

142 986 374 1039 credere:
414 985 528 1053 ipse
562 988 774 1054 oportet
806 1003 890 1037 me
921 985 959 1051 †
992 985 1190 1052 credas,
1228 985 1334 1036 huc
1366 984 1629 1052 afferatur,
1661 1003 1839 1036 coram

142 1078 227 1112 me
278 1060 510 1111 animam
561 1059 739 1130 agat.’'
818 1059 883 1111 ad
934 1059 1078 1111 hunc
1126 1058 1328 1111 fastum
1376 1059 1620 1126 pervenit
1656 1062 1842 1111 venter

143 1135 507 1202 delicatorum,
546 1137 607 1186 ut
647 1137 862 1204 gustare
894 1152 1003 1185 non
1042 1133 1267 1201 possint,
1306 1133 1409 1185 nisi
1443 1150 1601 1200 quem
1633 1134 1691 1185 in
1722 1133 1839 1201 ipso

143 1209 389 1261 convivio
413 1211 686 1260 natantem
710 1209 1170 1277 palpitantemque
1195 1208 1463 1260 viderunt:
1490 1210 1747 1275 quantum
1775 1208 1842 1259 ad

142 1282 450 1350 sollertiam,
480 1283 720 1335 luxuriae
752 1286 978 1351 pereunt
1006 1282 1045 1349 †
1068 1281 1153 1334 his
1187 1282 1402 1349 accedit,
1434 1284 1689 1349 tantoque
1721 1282 1840 1333 sub—

141 1357 289 1409 tilius
317 1357 510 1409 cotidie
535 1359 588 1408 et
612 1357 907 1426 elegantius
941 1357 1143 1424 aliquid
1176 1356 1444 1426 excogitat
1474 1355 1624 1408 furor
1646 1356 1842 1407 usitata

81 1444 110 1482 4
143 1434 501 1484 contemnens.
566 1430 660 1483 illa
695 1431 1066 1483 audiebamus:
1108 1431 1264 1482 ‘nihil
1296 1434 1376 1483 est
1408 1430 1597 1482 melius
1632 1431 1841 1482 saxatili

142 1505 348 1573 mullo’,
381 1509 435 1557 at
465 1523 608 1558 nunc
639 1505 906 1558 audimus:
942 1506 1097 1557 nihil
1129 1508 1210 1557 est
1240 1505 1500 1557 moriente
1531 1503 1843 1572 formosius3

143 1580 211 1632 ad
251 1581 383 1632 mihi
434 1581 491 1631 in
530 1598 717 1633 manus
758 1581 1009 1647 vitreum,
1061 1580 1117 1630 in
1157 1597 1262 1646 quo
1310 1578 1541 1631 exsultet
1579 1580 1702 1646 <et>
1741 1582 1842 1630 tre-

143 1655 324 1723 pidet.³
404 1655 498 1706 ubi
549 1654 779 1706 multum
828 1654 1025 1721 diuque
1072 1654 1290 1706 luctatus
1340 1656 1442 1722 est,
1489 1671 1553 1705 ex
1594 1652 1686 1704 illo
1727 1671 1841 1721 per-

262 1805 283 1842 1
314 1800 546 1858 luxuriae]
579 1799 871 1857 negligentia
903 1800 1008 1844 add.
1036 1805 1064 1842 Ζ
1100 1802 1106 1856 Ι
1144 1801 1438 1856 experrectus
1470 1800 1565 1843 Leo
1594 1800 1838 1843 seeundum

142 1860 443 1904 Hermolaum
475 1861 640 1918 Barb]
684 1873 950 1916 expressero
984 1861 1022 1904 δ
1035 1862 1087 1903 Φ
1130 1862 1177 1903 et
1209 1872 1476 1915 expressero
1510 1872 1536 1902 ε
1577 1858 1840 1914 expectatio

144 1919 373 1976 (expectio
399 1921 447 1975 Τ)
479 1919 557 1963 sed
581 1925 685 1963 ante
717 1932 858 1974 quam
889 1920 985 1963 coll.
1012 1925 1089 1961 ΕΤ
1129 1921 1142 1975 ΙΙ
1183 1923 1208 1961 3
1241 1918 1402 1975 pulcro
1435 1920 1511 1976 λρ
1544 1920 1557 1974 11
1589 1922 1617 1960 4
1649 1918 1760 1975 quo]
1795 1921 1840 1960 et

143 1979 250 2022 add.
285 1980 323 2022 δ
361 1980 374 2035 Ι]
415 1982 439 2020 5
474 1978 692 2046 expiret]
714 1979 1034 2034 experirentur
1065 1980 1103 2023 δ
1137 1980 1142 2035 Ι
1186 1977 1281 2021 illis
1312 1978 1464 2021 inesse
1496 1978 1617 2035 ΛΦ]
1657 1977 1706 2019 111
1745 1976 1839 2019 illi

143 2051 243 2081 esse
269 2041 351 2082 AT
375 2037 471 2080 illis
497 2051 597 2082 esse
621 2042 650 2080 z
679 2038 832 2082 inesse
855 2038 950 2081 illis
975 2043 1010 2080 E
1043 2039 1056 2095 ΙΙ
1088 2043 1115 2081 6
1141 2037 1393 2095 attingere]
1419 2050 1502 2080 om.
1529 2038 1567 2081 δ
1595 2038 1600 2093 Ι
1629 2037 1839 2093 captum]

142 2097 321 2154 piscem
360 2098 466 2142 add
494 2100 534 2141 Δ
575 2098 816 2141 comedere
852 2103 1087 2154 praeterea
1119 2099 1157 2141 δ
1202 2099 1215 2153 ΙΙ
1263 2102 1287 2139 7
1330 2097 1535 2154 saperet]
1584 2097 1771 2152 saporet
1804 2097 1841 2138 d

144 2158 366 2225 sep(ar)et
398 2162 466 2201 εΤ
497 2159 511 2214 ΙΙ
543 2161 570 2199 9
602 2157 699 2200 iam
724 2184 778 2189 —
804 2162 855 2200 10
888 2158 977 2214 est]
1019 2158 1059 2200 is
1098 2170 1181 2213 pro
1214 2156 1402 2212 putrido
1443 2155 1626 2212 (putido
1658 2157 1713 2201 δ’)
1746 2156 1840 2198 iam

142 2216 285 2272 piscis
319 2216 511 2260 offertur
534 2215 746 2273 (affertur
769 2219 828 2274 ε),
861 2217 943 2272 qui
973 2231 1067 2260 non
1090 2217 1230 2259 hodie
1256 2216 1465 2269 eductus
1497 2215 1637 2258 hodie
1663 2214 1839 2258 occisus

144 2277 216 2319 est
239 2278 278 2319 Δ
311 2277 324 2332 Η
356 2281 383 2318 9
407 2276 480 2319 his
506 2278 596 2334 est]
628 2277 748 2320 valet
778 2277 1044 2331 luxuriosis,
1075 2278 1131 2331 cf.
1154 2279 1270 2330 17,9
1242 2299 1268 2318 0
1294 2276 1343 2318 hi
1373 2251 1481 2318 suu't
1511 2276 1525 2331 ΙΙ
1555 2279 1600 2316 11
1633 2273 1836 2330 credere]

142 2336 199 2389 cf.
229 2337 273 2379 V
291 2340 412 2389 11,1
443 2338 448 2392 Ι
476 2349 548 2378 1110
573 2336 770 2393 credas]
802 2349 877 2379 me
907 2335 997 2379 tibi
1022 2335 1197 2390 credas,
1224 2337 1275 2389 d,
1305 2335 1428 2378 uude
1451 2347 1509 2376 ne
1540 2333 1631 2377 tibi
1656 2333 1838 2376 credas:

143 2395 264 2449 effici
277 2400 438 2450 potest,
455 2408 513 2438 ne
530 2395 714 2450 caedas,
730 2396 906 2449 Haase,
924 2395 1017 2451 ipsi
1042 2410 1114 2450 op.
1134 2408 1322 2438 mensae
1340 2393 1515 2447 credas,
1532 2393 1633 2437 Joh
1653 2393 1839 2445 Muller,

143 2468 228 2497 nec
262 2467 423 2497 caesus
457 2455 608 2508 Kroll,
640 2455 824 2511 integer
854 2468 971 2498 nans
1004 2455 1113 2508 Leo,
1148 2453 1412 2510 intrepidus
1448 2429 1525 2496 Ge.
1569 2453 1582 2508 ΙΙ
1613 2456 1664 2494 12
1696 2452 1834 2507 1111110]

143 2513 231 2556 1100
264 2513 413 2556 ΔλΡ2
447 2515 453 2569 Ι
488 2513 664 2557 fastum
687 2515 784 2572 ET]
816 2513 990 2558 festum
1026 2517 1028 2566 Ι
1064 2513 1282 2569 peruenit
1311 2513 1495 2570 uenter]
1526 2514 1839 2567 peruenerunt

142 2574 330 2616 uentres
356 2575 396 2616 Δ
429 2574 443 2629 ΙΙ
472 2577 523 2616 13
554 2573 756 2631 possint]
788 2573 964 2629 piscem
994 2561 1100 2617 a'dd.
1126 2575 1166 2616 A
1197 2574 1213 2629 1]
1244 2577 1295 2615 14
1328 2571 1572 2627 quantum]
1608 2570 1774 2625 quanti
1798 2573 1838 2612 A

143 2634 354 2686 quanto.
422 2632 612 2687 ,plures
647 2635 758 2676 eunt
783 2633 978 2676 Fortun.
1026 2634 1245 2676 tantum.
1316 2630 1501 2673 luxuria
1532 2629 1836 2686 pereuntibus

145 2704 238 2734 acc
274 2666 432 2735 Haase
479 2694 493 2747 ΙΙ
539 2696 588 2734 15
623 2691 912 2750 sollertiam]
959 2692 1175 2735 distinccit
1204 2693 1301 2735 Leo
1341 2692 1347 2746 Ι
1382 2691 1600 2746 pereunt,
1638 2688 1712 2731 his
1745 2688 1838 2743 (hic

143 2753 233 2807 Lo>
265 2751 403 2807 trad]
448 2752 688 2806 pereuntis
724 2752 917 2796 Gronov.
967 2764 1149 2807 semper
1183 2751 1379 2794 euentus
1410 2749 1528 2802 Leo,
1573 2750 1838 2804 pertaesum

144 2823 243 2853 esse
276 2811 343 2853 vel
372 2810 560 2854 iteratio
596 2811 672 2855 Ge.
710 2812 716 2867 Ι
751 2811 997 2868 tantoque]
1028 2812 1256 2865 tantaque
1289 2811 1323 2852 λ
1361 2810 1495 2851 tanto
1513 2783 1716 2852 ’Fortffun
1741 2809 1755 2863 ΙΙ
1787 2811 1836 2848 17

144 2869 353 2927 saxatili]
380 2869 556 2914 salatili
573 2870 663 2913 εῙι1
689 2870 886 2914 saxatile
905 2871 1064 2914 Haase
1078 2883 1256 2914 versum
1273 2869 1549 2912 Ennianum
1565 2881 1654 2910 esse
1669 2872 1801 2910 ratus
1822 2865 1837 2919 i!

143 2933 194 2970 19
226 2928 443 2985 uiti-eum]
487 2942 572 2971 uas
604 2929 807 2973 uitreum
839 2943 866 2973 ε
900 2932 906 2986 Ι
944 2931 990 2972 et
1021 2929 1126 2973 add.
1162 2930 1196 2972 λ
1234 2928 1284 2970 111
1316 2940 1408 2982 quo
1434 2929 1473 2970 A
1505 2928 1519 2982 Ι]
1550 2931 1608 2969 20
1641 2926 1834 2983 diuque]

1867 931 1907 962 10

1868 1301 1909 1333 15

1866 1674 1909 1704 20
