1988 3138
170 109 198 161 1
208 109 278 162 14
701 110 751 153 L.
783 109 1020 153 ANNAEI
1051 108 1324 155 SENECAE

168 233 403 284 ceterum
452 231 801 284 inexercitata
839 234 893 283 et
941 231 1176 283 tenebris
1217 232 1459 302 saginata
1498 235 1551 285 et
1598 234 1735 286 lucis
1777 253 1863 286 ex-

108 343 117 354 .
166 306 360 374 pertia7
411 324 477 357 ex
517 324 622 373 qua
674 305 958 357 salubritas
999 305 1232 375 ducitur3
1285 307 1433 359 nasei
1481 311 1659 360 autem
1706 327 1864 376 posse

168 380 339 448 pisces
392 379 448 430 in
498 379 593 431 illo
643 383 908 431 terrarum
958 380 1226 448 profundo
1279 381 1350 433 sit
1387 381 1670 451 indicium,
1719 384 1863 450 quod

167 453 436 524 anguillae
490 453 773 506 latebrosis
827 454 960 506 loeis
1014 458 1321 523 naseuntur,
1376 455 1552 526 gravis
1609 460 1662 508 et
1714 457 1862 525 ipsae

166 527 316 580 cibus
350 528 418 580 ob
459 527 744 598 ignaviam,
784 528 971 596 utique
1003 529 1048 579 si
1081 529 1308 581 altitudo
1347 529 1467 582 illas
1506 531 1610 582 luti
1648 532 1861 599 penitus
1910 554 1929 586 5

171 602 463 655 abscondit.
555 602 718 654 habet
772 620 899 672 ergo
954 621 1064 655 non
1126 606 1335 655 tantum
1389 622 1549 656 venas
1604 623 1862 674 aquarum

169 679 333 744 terra,
373 695 437 729 ex
477 678 672 745 quibus
713 677 1002 730 conrivatis
1048 677 1272 729 flumina
1310 678 1451 731 effici
1489 680 1722 748 possint,
1773 679 1865 732 sed

169 769 350 803 amnes
400 750 789 820 magnitudinis
839 754 1042 819 vastae,
1094 770 1321 820 quorum
1373 753 1491 805 aliis
1547 772 1756 822 semper
1808 753 1863 806 in

170 826 381 879 occulto
442 843 626 878 cursus
685 828 766 878 est
773 869 786 895 ⁷
832 826 960 894 <alii
1014 825 1349 894 aliquatenus
1401 831 1580 896 aperte
1638 828 1864 896 fluunt>

171 899 338 952 donec
389 901 569 968 aliquo
623 900 744 951 sinu
793 903 964 952 terrae
1013 900 1348 969 devorentur,
1387 901 1479 954 alii
1531 902 1629 954 sub
1682 902 1862 971 aliquo
1893 925 1931 957 10

167 975 287 1027 laeu
321 977 613 1044 emergunt.
676 975 783 1026 iam
817 975 936 1043 quis
977 974 1188 1044 ignorat
1228 993 1342 1027 esse
1375 977 1634 1044 quaedam
1675 980 1863 1047 stagna

169 1049 283 1101 sine
328 1049 533 1101 fundo?
595 1066 821 1116 quorsus
861 1049 966 1102 hoe
1003 1049 1272 1117 pertinet?
1332 1054 1394 1102 ut
1434 1054 1685 1119 appareat
1723 1051 1864 1104 hane

169 1141 361 1191 aquam
394 1123 604 1193 magnis
644 1123 892 1176 amnibus
932 1126 1200 1175 aeternam
1233 1142 1346 1177 esse
1385 1126 1678 1193 materiam,
1711 1126 1863 1177 euius

168 1215 277 1250 non
317 1200 613 1268 tanguntur
652 1201 888 1250 extrema
927 1199 1066 1250 sieut
1103 1198 1385 1250 fluminum
1424 1199 1616 1252 fontes.

281 1331 366 1383 20.
409 1330 502 1383 ‘At
528 1349 689 1399 quare
716 1332 866 1414 aquis
892 1349 1052 1401 sapor
1075 1333 1307 1386 varius?
1361 1337 1582 1402 propter
1613 1337 1866 1401 quattuor
1890 1355 1931 1388 15

170 1424 377 1458 causas:
418 1424 483 1458 ex
515 1405 629 1458 solo
662 1406 836 1474 prima
867 1409 961 1474 est,
1000 1426 1095 1476 per
1127 1408 1270 1475 quod
1308 1407 1498 1478 fertur3
1538 1408 1768 1461 secunda
1800 1426 1865 1460 ex

170 1480 379 1547 eodem,
427 1481 472 1532 si
519 1480 812 1532 mutatione
859 1482 972 1533 eius
1018 1483 1276 1551 nascitur3
1333 1483 1491 1534 tertia
1541 1501 1606 1534 ex
1657 1483 1864 1551 spiritu,

290 1645 430 1684 6—14
462 1642 519 1695 cf.
553 1642 732 1686 Lucan.
766 1642 930 1686 Phars.
965 1643 1017 1686 X
1045 1645 1139 1686 263
1154 1656 1216 1698 sq.

453 1700 675 1756 quasdam
702 1738 709 1745 .
739 1737 746 1744 .
774 1715 920 1757 aquas
944 1707 1051 1758 post
1080 1703 1246 1746 mundi
1274 1716 1376 1746 sera
1399 1704 1582 1759 peracti

452 1761 635 1805 saecula
666 1761 894 1806 concussis
925 1765 1152 1806 terrarum
1184 1776 1410 1819 erumpere
1440 1764 1579 1807 venis.

290 1824 429 1862 8—10
460 1821 517 1874 cf.
550 1821 726 1864 Aetnae
757 1835 795 1865 v.
829 1823 919 1864 123
934 1835 1024 1877 sqq.

376 1880 572 1934 flumina
603 1881 716 1935 quiri
747 1880 882 1923 etiam
915 1881 1021 1924 latis
1051 1882 1284 1925 currentia
1315 1881 1427 1925 rivis

379 1952 563 1983 occasus
592 1940 786 1983 habuere
817 1953 945 1983 suos:
976 1944 1060 1983 aut
1089 1941 1173 1983 illa
1203 1954 1370 1998 vorayo

378 1999 563 2054 derepta
594 2000 647 2041 iu
670 2013 888 2055 praeceps
917 2000 1058 2054 fatali
1088 1999 1296 2043 condidit
1326 2014 1412 2044 ore.

378 2063 462 2102 aut
492 2058 666 2102 occulta
696 2059 848 2114 fluunt
878 2060 1003 2103 tectis
1034 2059 1252 2115 adoperta
1282 2060 1487 2103 cavernis

379 2123 511 2173 atque
542 2118 806 2174 inopinatos
828 2118 1034 2172 referunt
1056 2119 1222 2175 procul
1245 2119 1367 2163 edita
1392 2133 1562 2163 cursus.

170 2179 261 2221 132
277 2190 338 2232 sq.
380 2176 501 2232 quod
523 2177 565 2220 si
579 2178 830 2233 praecipiti
852 2179 1114 2222 conduntur
1135 2179 1332 2233 flumina
1355 2183 1476 2223 terra
1503 2179 1646 2234 (fort.
1665 2181 1841 2234 raptu),

379 2236 564 2280 condita
594 2237 636 2280 si
666 2238 869 2291 redeunt,
900 2238 942 2281 si
973 2251 1064 2293 qua
1096 2239 1230 2281 etiam
1262 2239 1499 2282 incondita
1529 2243 1724 2296 suryuut
1749 2273 1756 2281 .
1787 2274 1794 2282 .

289 2388 310 2426 1
348 2384 576 2443 expertia]
610 2385 855 2441 inexperta
887 2399 914 2429 ε
959 2385 974 2443 Η
1020 2390 1048 2428 2
1079 2385 1232 2441 pisces
1262 2399 1398 2441 posse
1431 2386 1528 2430 coll.
1637 2385 1651 2443 ,ἕξ
1695 2390 1719 2427 5
1752 2385 1862 2453 luti]

170 2443 265 2486 luci
297 2448 374 2486 Eo
422 2444 540 2487 lucis
586 2446 708 2501 (aute
737 2444 863 2500 illas)
897 2459 923 2488 ε
969 2446 982 2501 ΙΙ
1029 2450 1054 2487 7
1090 2445 1233 2503 conr]
1277 2445 1493 2488 inriuatis
1525 2401 1594 2488 λρ
1605 2446 1611 2501 Ι
1660 2445 1862 2502 possint]

169 2503 368 2559 possunt
395 2506 523 2546 ΔΕΤ
561 2503 564 2561 l
601 2505 701 2562 sed]
736 2507 783 2548 et
814 2505 918 2548 add.
946 2506 984 2548 δ
1014 2506 1028 2559 ΙΙ
1062 2509 1086 2546 8
1121 2506 1322 2562 semper]
1353 2519 1386 2548 s.
1415 2505 1440 2547 l.
1468 2506 1502 2547 2
1536 2505 1542 2560 Ι
1577 2503 1627 2547 in
1659 2505 1862 2562 occulto]

174 2576 257 2606 om.
291 2564 329 2606 d
375 2564 388 2619 ΙΙ
435 2567 462 2605 9
506 2558 590 2606 alii
630 2577 669 2606 a.
705 2577 745 2606 a.
786 2563 936 2607 fluunt
980 2563 1085 2607 add.
1124 2564 1201 2608 Ge
1249 2566 1262 2621 ΙΙ
1309 2568 1354 2606 11
1384 2564 1498 2621 iam]
1542 2576 1651 2606 nam
1683 2565 1820 2608 Kroll
1855 2566 1859 2619 Ι

172 2622 290 2679 esse]
330 2627 435 2676 post
477 2624 644 2679 stagna
675 2624 711 2666 λ
742 2624 755 2680 ΙΙ
786 2627 837 2665 12
870 2623 1084 2681 quorsus]
1129 2638 1349 2678 quorsum
1381 2625 1420 2666 Δ
1457 2625 1462 2679 Ι
1507 2623 1648 2680 pert]
1692 2624 1865 2667 attinet

172 2682 210 2725 δ
245 2682 250 2737 Ι
285 2681 407 2724 hane
447 2682 637 2739 aquam]
682 2683 786 2737 fort.
819 2682 929 2725 hinc
972 2696 1121 2737 aquae
1157 2683 1234 2727 Ge.
1268 2684 1281 2739 ΙΙ
1313 2686 1364 2724 14
1403 2682 1542 2740 sicut]
1588 2682 1654 2726 sic
1686 2682 1817 2725 EJ2Z
1855 2685 1859 2738 Ι

169 2740 411 2783 fluminum
437 2741 493 2798 A]
526 2741 720 2784 flumina
747 2743 753 2798 Ι
781 2741 954 2799 fontes]
987 2742 1189 2785 fontium
1213 2744 1253 2785 Δ
1279 2742 1293 2799 J}
1316 2746 1365 2783 15
1398 2742 1471 2785 hic
1500 2756 1628 2798 capp.
1654 2746 1717 2786 22
1741 2748 1781 2786 et
1802 2745 1864 2786 23

171 2801 268 2843 coll.
295 2800 453 2842 Haase
483 2802 771 2858 saqacissirne
802 2802 815 2857 ΙΙ
846 2805 898 2843 16
928 2814 1012 2856 per
1043 2802 1169 2856 quod
1200 2800 1366 2858 fertur]
1398 2814 1454 2845 ex
1485 2815 1576 2855 quo
1609 2800 1865 2844 efferuntur

171 2860 209 2902 δ
240 2860 253 2916 Η
284 2863 333 2901 17
369 2860 532 2902 eodem
574 2859 742 2918 91222]
786 2860 950 2903 eadem
985 2861 990 2916 Ι
1035 2861 1074 2903 si
1116 2860 1377 2904 mutatione
1412 2860 1627 2918 Gronov]
1674 2861 1860 2903 simula-

170 2918 299 2961 tione
327 2920 378 2961 Φ
410 2918 717 2962 similitudine
741 2922 781 2963 Δ
817 2921 822 2976 Ι
860 2920 979 2977 eius]
1012 2934 1094 2963 om.
1129 2921 1166 2963 δ
