1988 3138
224 78 395 122 XXXII
901 77 1243 123 PRAEFATIO

226 220 292 251 an
331 205 631 266 aequiperet.
702 204 816 252 inde
856 203 1258 267 subscriptiones,
1295 207 1444 254 initia
1484 208 1741 268 exitusque
1780 207 1920 255 libel-

225 278 389 326 lorum
428 278 687 340 exscripsi,
729 278 793 325 ad
830 278 977 341 plura
1019 279 1149 327 enim
1189 280 1436 329 enotanda
1473 281 1632 328 Roma
1669 281 1771 329 iam
1808 297 1920 344 pro-

224 353 442 400 fecturus
481 368 581 399 non
619 352 879 413 vacabam3
928 353 1050 401 haec
1089 370 1205 402 vero
1253 356 1330 402 sui
1368 357 1562 417 generis
1604 371 1706 404 esse
1745 354 1851 404 Pal.
1888 359 1915 404 1

224 428 348 475 satis
385 426 622 488 probant:

223 529 251 577 Ι
280 532 362 590 17,
392 533 459 578 10
498 531 624 578 nulli
661 545 760 578 non
795 533 908 579 vitio
947 546 1028 578 ne-

300 606 566 652 cessariwm
617 605 802 664 factum
861 608 930 652 est
979 600 1028 653 A

301 672 381 744 (=
410 672 500 744 Φ).
555 694 711 741 paene
744 682 910 727 totum
949 695 1026 728 ca-

299 754 393 814 put
432 769 525 800 om.
565 747 652 800 BG
692 753 836 816 Prag.

222 826 276 875 Π
301 828 387 888 59,
415 829 481 875 13
505 829 606 875 nisi
629 829 713 887 qm'
738 829 905 888 effuyit
924 822 1027 888 BG,

296 903 397 949 nisi
427 902 553 961 quod
585 903 751 962 effuyit
772 898 820 949 A
845 896 925 969 (=
950 895 1024 968 Φ)

220 1048 301 1097 III
338 1051 490 1112 praef.
531 1053 557 1098 1
609 1051 723 1098 Non
767 1066 843 1098 me
878 1066 1027 1111 prae-

298 1126 407 1172 terit
442 1118 589 1171 ABG

222 1197 763 1260 11125,6—1Va2‚30
778 1193 1028 1246 om.ABG

221 1271 296 1319 IV
304 1272 335 1319 b
365 1275 410 1333 1,
437 1276 462 1320 1
494 1272 800 1321 Grandinem
822 1274 908 1320 hoc
930 1289 1028 1321 mo-

297 1348 357 1394 do
388 1348 499 1406 fieri
521 1349 565 1394 si
588 1348 674 1394 tibi,
697 1348 1027 1407 affirmavero,

298 1436 389 1481 quo
438 1423 572 1481 apud
617 1436 706 1469 nos
750 1422 929 1482 ylacz'es
970 1424 1029 1481 fit

298 1489 388 1561 (sit
413 1489 509 1562 A),
551 1497 714 1556 yelata
757 1497 884 1543 nube
931 1500 1027 1544 tota

297 1564 419 1636 (tota
441 1571 568 1618 nube
589 1563 661 1636 A)
685 1564 828 1618 ABG
847 1563 927 1637 (=
948 1564 1024 1637 Φ)

222 1642 270 1690 V
296 1647 345 1705 1,
373 1647 399 1691 1
439 1645 618 1693 Ventus
655 1649 722 1692 est
751 1660 837 1706 aper
870 1647 1027 1703 fluens

296 1712 439 1765 ABG
481 1713 660 1785 (fluens
698 1734 784 1767 aer
826 1712 901 1784 Φ)

222 1791 270 1839 V
297 1793 379 1854 18,
410 1794 474 1841 16
518 1808 588 1848 ea,
627 1795 681 1840 in
713 1794 885 1853 quibus
925 1795 1026 1841 vita

297 1870 596 1916 consumitur
614 1862 712 1915 AB
725 1861 757 1914 G
780 1861 886 1933 ([ea
904 1862 1025 1932 om.]

295 1943 351 1990 in
382 1957 505 2001 quae
538 1939 641 2004 [vel
665 1937 784 2006 qua]
814 1958 857 1989 v.
882 1957 919 1990 c.
948 1936 1023 2010 Φ)

221 2014 295 2062 VI
333 2017 425 2076 32,
463 2018 528 2065 12
576 2016 652 2064 illi
698 2009 821 2081 (illis
869 2010 935 2083 Β)
984 2020 1028 2064 et

1117 533 1242 579 nulli
1312 525 1703 598 num(er)ario
1763 548 1920 581 neces-

1191 608 1355 654 sario
1407 607 1592 666 factum
1639 611 1708 655 est
1755 607 1859 655 Pal.
1888 610 1914 655 1

1117 830 1216 875 m'si
1265 830 1346 888 qui
1393 830 1560 890 effuyit
1611 828 1716 877 Pal.
1756 833 1782 878 1
1835 830 1921 878 sed

1194 895 1316 968 (ve)l
1348 895 1523 969 q(uod)
1555 897 1736 970 n(on?)
1771 919 1921 966 supra

1116 1051 1177 1098 N
1171 992 1341 1111 οῗῖνα
1347 1053 1478 1099 eterit
1489 1067 1564 1099 me
1580 1051 1683 1099 Pal.
1706 1055 1731 1099 1
1748 1044 1829 1119 (=
1841 1045 1918 1119 Φ)

1119 1215 1212 1248 om.
1254 1199 1359 1247 Pal.
1389 1203 1415 1247 1

1121 1273 1427 1322 Grcmdinem
1478 1275 1564 1322 hoc
1607 1275 1747 1322 modo
1793 1277 1918 1334 fieri,

1192 1362 1284 1407 quo
1323 1349 1459 1408 apud
1503 1362 1592 1395 nos
1633 1350 1691 1408 fit
1723 1350 1918 1409 ylacc’es,

1187 1422 1349 1482 yelata
1371 1423 1498 1471 nube
1522 1426 1632 1479 tota,
1657 1425 1701 1470 si
1725 1424 1810 1471 tibi
1833 1425 1917 1485 aff.

1190 1496 1294 1544 Pal.
1323 1500 1350 1544 1

1127 1646 1306 1694 Ventus
1338 1649 1407 1693 est
1435 1660 1521 1693 aer
1558 1647 1716 1704 fluens
1753 1644 1858 1694 Pal„
1887 1648 1914 1694 1

1118 1808 1188 1849 ea,
1213 1795 1268 1840 in
1291 1794 1465 1853 quibus
1495 1796 1596 1842 vita
1621 1796 1919 1842 consumitur

1190 1867 1297 1914 Pal.
1326 1871 1351 1914 1

1115 2016 1227 2063 illa
1268 2020 1310 2063 et
1348 2017 1539 2064 obviam
1585 2019 1714 2065 exire
1751 2016 1856 2067 Pal.
1886 2020 1913 2065 1

296 2091 486 2138 obviam
518 2093 646 2139 entire
675 2085 818 2138 ABG
844 2085 923 2156 (=
947 2084 1023 2157 Φ)

222 2163 320 2211 VII
349 2167 402 2224 1,
440 2168 465 2212 1
516 2165 669 2213 Nemo
716 2179 868 2224 usque
906 2166 1025 2213 adeo

295 2233 438 2286 ABG
478 2231 656 2306 (Nemo
686 2254 838 2299 usque
869 2254 920 2287 eo
946 2232 1022 2306 Φ)

1114 2165 1269 2213 Nemo
1307 2179 1458 2225 usque
1496 2165 1615 2214 adeo
1653 2164 1760 2213 Pal.
1788 2168 1815 2213 1

332 2358 558 2420 Apparet
610 2374 708 2406 uno
755 2359 863 2406 loco
913 2352 1052 2424 (libri
1097 2353 1196 2424 ΙΠ)
1248 2358 1535 2406 Palatinum
1584 2361 1610 2406 1
1660 2358 1914 2405 meliorem

222 2446 326 2479 esse
367 2447 517 2493 quam
556 2431 609 2493 d,
653 2432 842 2480 duobus
888 2432 1175 2486 veltribus
1215 2426 1374 2500 (IVb,
1413 2427 1487 2498 II)
1528 2447 1677 2494 quam
1714 2428 1776 2493 A,
1816 2447 1914 2479 uno

222 2497 294 2571 (Ι)
341 2507 662 2570 integriorem
708 2523 858 2568 quam
897 2500 1004 2568 BG,
1050 2506 1210 2555 tribus
1259 2501 1410 2573 (IVb,
1448 2506 1486 2568 Ι,
1526 2501 1622 2572 VI)
1670 2522 1819 2568 quam
1860 2504 1913 2566 d,

222 2582 438 2627 ceterum
480 2596 591 2628 cum
630 2580 670 2629 d
708 2596 990 2644 congruere.
1067 2581 1239 2642 itaque
1279 2597 1391 2628 eum
1434 2580 1663 2642 propriae
1702 2580 1848 2641 stirpi
1886 2593 1914 2627 ε

221 2654 549 2702 attribuerim.

336 2727 459 2775 Cum
496 2729 590 2776 hoc
628 2729 794 2777 codice
826 2731 1104 2793 congruunt
1136 2730 1284 2791 atque
1317 2745 1377 2776 ex
1415 2728 1583 2776 eadem
1609 2728 1763 2790 stirpe
1794 2743 1911 2789 pen-

222 2801 342 2849 dent
380 2801 601 2851 Ghisiani
637 2806 680 2865 1,
709 2805 738 2851 2
774 2805 824 2851 et
854 2803 1089 2851 Vaticani
1118 2803 1205 2850 lat.
1235 2806 1280 2864 1,
1309 2805 1355 2864 2,
1382 2804 1429 2850 3.
1482 2802 1536 2849 hi
1575 2803 1705 2849 enim
1744 2817 1912 2851 omnes

222 2875 300 2923 111
329 2877 483 2938 praef.
520 2881 546 2924 1
582 2880 822 2937 praeterit
864 2892 939 2925 me
985 2877 1230 2925 collocant
1268 2871 1380 2943 (sed
1419 2876 1547 2924 Ghis.
1577 2880 1603 2924 1
1646 2876 1761 2924 Vat.
1805 2879 1850 2938 1,
1877 2873 1911 2940 3
