1988 3138
503 127 716 173 NATUR
763 126 1013 182 QUAEST.
1045 126 1157 171 LIB.
1189 125 1243 170 H.
1277 130 1467 170 32—34.
1765 124 1830 176 71

136 273 259 324 pars
309 252 376 306 ad
425 251 710 305 formulam
760 250 1014 318 pertinet,
1055 247 1286 301 secunda
1324 247 1391 300 ad
1430 245 1830 314 divinationem,

137 329 294 382 tertia
332 327 398 380 ad
435 324 803 396 propitiandos
837 324 977 391 deos,
1019 340 1154 391 quos
1194 323 1336 374 bono
1377 322 1602 374 fulmine
1639 338 1830 391 rogare

138 405 371 471 oportet,
409 401 550 453 malo
591 398 883 467 deprecari:
932 414 1143 467 rogare,
1189 399 1251 448 ut
1289 396 1552 465 promissa
1601 395 1830 462 firment,

3 542 6 548 Ι
138 476 423 546 deprecari,
460 477 522 527 ut
558 474 836 527 remittant
874 473 1058 524 minae.

91 573 112 606 ε
247 550 332 603 34.
374 548 650 602 Summam
682 566 795 600 esse
826 547 936 598 vim
967 546 1209 598 fulminis
1242 545 1493 612 iudicant,
1526 544 1652 613 quia
1685 543 1833 612 quio-

137 625 266 695 quid
304 624 410 677 alia
447 622 795 692 portendunt,
834 622 1164 674 interventus
1203 619 1444 672 fulminis
1485 619 1643 686 tollit,
1685 619 1833 686 quio-

138 699 269 768 quid
307 699 372 751 ab
412 698 518 751 hoo
555 695 906 766 portenditur,
944 695 1112 747 fixum
1144 697 1225 747 est
1254 711 1354 746 neo
1386 694 1602 746 alterius
1636 693 1835 746 ostenti

137 773 526 844 significatione
583 774 841 823 mutatur:
904 768 1166 838 quioquid
1216 771 1338 821 exta
1398 767 1659 835 quiequid
1711 786 1833 820 aves

138 849 496 914 minabuntur,
536 845 767 899 secundo
807 844 1033 897 fulmine
1065 842 1391 910 abolebitur3
1433 841 1694 910 quioquid
1733 842 1834 893 ful-

70 948 113 978 ιο
139 924 279 976 mine
320 921 691 975 denuntiatum
731 922 825 987 est,
864 936 963 972 neo
1002 918 1137 971 extis
1177 934 1276 970 neo
1315 935 1411 970 ave
1453 915 1718 969 contraria
1755 934 1835 968 re-

136 998 350 1051 fellitur.
437 997 492 1048 in
545 1012 653 1063 quo
703 993 838 1045 mihi
888 993 1005 1046 faui
1054 992 1313 1045 videntur.
1402 989 1652 1059 ‘quare‘?'
1708 990 1836 1058 quia

136 1089 260 1125 vero
300 1071 477 1124 verius
526 1068 665 1122 nihil
715 1071 816 1122 est:
871 1068 917 1120 si
956 1085 1077 1120 aves
1128 1067 1309 1118 futura
1350 1066 1678 1131 cecinerunt,
1725 1082 1837 1117 non

137 1149 317 1216 potest
353 1144 459 1197 hoo
490 1143 788 1212 auspicium
827 1142 1053 1195 fulmine
1093 1141 1303 1193 irritum
1342 1140 1459 1193 fieri
1492 1170 1561 1177 —
1596 1142 1688 1191 aut
1725 1157 1837 1191 non

136 1222 317 1273 futura
367 1219 685 1273 cecinerunt.
763 1235 875 1270 non
925 1217 1068 1270 enim
1114 1233 1258 1268 nuno
1297 1233 1449 1267 avem
1490 1231 1742 1283 comparo
1783 1217 1837 1267 et

70 1317 112 1351 18
137 1295 341 1348 fulmen
381 1293 474 1347 sed
513 1293 617 1345 duo
658 1293 770 1345 veri
810 1292 976 1362 signa,
1030 1309 1166 1358 quae
1207 1290 1251 1342 si
1289 1307 1476 1364 verum
1516 1287 1836 1359 significant,

137 1370 286 1439 paria
346 1371 482 1421 sunt.
577 1368 759 1435 itaque
822 1384 956 1435 qnae
1017 1365 1259 1417 fulminis
1322 1364 1651 1416 interventus
1715 1363 1836 1415 sub-

137 1447 318 1496 movet
355 1446 599 1496 extorum
631 1442 718 1494 vel
756 1441 966 1511 augurii
1006 1439 1216 1507 indicia,
1255 1439 1394 1491 male
1435 1439 1675 1506 inspecta
1715 1440 1838 1490 exta

138 1519 276 1571 male
316 1518 596 1570 observata
634 1515 857 1586 auguria
895 1517 1032 1568 sunt.
1109 1531 1219 1566 non
1259 1513 1401 1566 enim
1440 1512 1624 1580 refert,
1664 1512 1835 1564 utrius

0 1650 5 1655 ,
136 1593 214 1646 rei
254 1593 457 1661 speeies
496 1591 668 1643 maior
706 1590 777 1643 sit
813 1590 900 1642 vel
945 1592 1136 1641 natura
1174 1587 1467 1656 potentior:
1524 1588 1568 1639 si
1607 1589 1837 1654 utraque

0 1667 10 1674 ⁵
71 1686 221 1723 nores
261 1667 372 1720 veri
422 1666 604 1718 attulit
654 1665 827 1735 signa,
878 1667 1139 1732 quantum
1190 1662 1257 1715 ad
1306 1662 1432 1729 hoc,
1483 1679 1580 1730 par
1619 1664 1711 1714 est.
1792 1660 1838 1713 si

10 1742 17 1793 ’.
140 1741 283 1794 dieas
314 1741 559 1793 flammae
591 1740 846 1792 maiorem
878 1739 988 1791 vim
1021 1756 1134 1791 esse
1169 1755 1331 1805 quam
1370 1736 1520 1803 fumi,
1551 1753 1663 1788 non
1692 1753 1837 1788 men-

138 1817 307 1869 tieris:
358 1815 451 1868 sed
501 1814 566 1867 ad
618 1813 960 1866 indicandum
1012 1813 1191 1883 ignem
1243 1811 1383 1864 idem
1431 1811 1573 1863 valet
1622 1809 1839 1862 flamma

139 1890 284 1959 quod
332 1890 524 1942 fumus.
606 1889 787 1957 itaque
825 1888 943 1956 <si>
980 1886 1085 1940 hoo
1136 1886 1322 1939 dieunt
1370 1884 1640 1953 ‘quotiens
1692 1884 1839 1937 aliud

139 1968 261 2019 exta
298 1963 679 2035 significabunt
717 1962 863 2015 aliud
901 1962 1149 2029 fulmina,
1189 1960 1478 2012 fulminum
1517 1959 1619 2012 erit
1659 1962 1837 2011 auoto-

73 2062 116 2095 85
139 2040 267 2092 ritas
299 2038 503 2106 maior’,
534 2038 759 2091 fortasse
793 2037 1134 2090 consentiam.
1200 2036 1245 2087 si
1276 2034 1380 2087 hoo
1413 2033 1598 2086 dieunt
1631 2034 1837 2101 ‘quam—

258 2234 288 2274 2
311 2229 355 2273 b.
381 2229 577 2273 fulmine
601 2229 657 2287 Ε]
689 2227 811 2272 bono
835 2227 1021 2285 fulgure
1048 2228 1101 2270 Φ
1130 2226 1256 2270 bona
1282 2228 1320 2269 Δ
1346 2227 1360 2281 ΙΙ
1385 2229 1411 2269 3
1435 2224 1580 2283 malo]
1607 2223 1734 2268 mala
1760 2227 1799 2268 Δ
1830 2226 1834 2280 Ι

140 2302 304 2347 rogare
340 2315 391 2322 —-
422 2293 450 2332 4
482 2287 743 2347 deprecari]
783 2301 866 2332 om.
902 2300 927 2331 ε
974 2289 988 2343 ΙΙ
1035 2291 1060 2329 ’1
1096 2285 1174 2344 ab]
1220 2285 1281 2329 ad
1312 2284 1448 2387 1:1²5
1487 2286 1502 2342 ΙΙ
1541 2289 1566 2327 8
1607 2284 1819 2328 mutatur

141 2349 369 2393 minuitur
399 2351 439 2393 Δ
476 2350 491 2404 Ιῑ
526 2352 555 2391 9
587 2347 681 2406 ab.]
726 2346 992 2391 adolebitur
1090 2348 1105 2403 ΙΙ
1139 2350 1184 2388 11
1216 2344 1340 2403 falli]
1375 2344 1426 2389 fa.
1447 2344 1487 2388 si
1519 2345 1556 2388 d
1591 2345 1606 2401 ΙΙ
1640 2347 1692 2388 12
1724 2357 1818 2387 non

142 2421 227 2453 nee
250 2413 343 2463 tr,
375 2422 462 2464 quo
492 2413 665 2464 recepto
690 2406 870 2451 scilicet
893 2419 1001 2450 aves
1059 2406 1126 2450 oh.
1150 2405 1325 2450 Muller
1348 2405 1463 2449 coni.
1490 2409 1531 2448 et
1555 2403 1838 2457 cecinerunt,

142 2471 226 2513 8111
252 2473 355 2525 poet
386 2480 496 2512 81188
529 2467 636 2512 add.
664 2466 862 2525 Madxviy
884 2467 899 2522 ΙΙ
921 2470 971 2509 13
1006 2465 1107 2523 8111]
1141 2464 1181 2508 si
1212 2466 1369 2522 potest
1400 2463 1507 2509 add.
1533 2465 1573 2507 Δ
1599 2465 1687 2521 1115
1718 2476 1839 2518 quae

143 2527 202 2587 ei]
234 2527 361 2583 quod
393 2527 431 2571 si
465 2528 499 2571 λ
546 2526 682 2583 quasi
712 2530 747 2569 1²
774 2525 780 2585 Ι
807 2526 988 2583 118111111]
1021 2539 1165 2569 unum
1199 2527 1238 2568 A
1271 2526 1287 2581 ΙΙ
1318 2528 1369 2567 16
1401 2535 1523 2580 quae
1555 2524 1593 2567 ὃ
1606 2523 1676 2581 Φ]
1713 2521 1839 2579 quod

143 2600 169 2632 ε
225 2601 330 2631 811111
360 2591 395 2630 B
449 2601 533 2631 om.
566 2591 599 2629 P
653 2585 693 2629 si
724 2586 878 2639 Fort.,
933 2585 972 2629 si
1005 2597 1127 2641 quae
1162 2583 1239 2629 Ge.
1279 2586 1294 2640 ΙΙ
1333 2588 1381 2627 17
1418 2582 1622 2641 augurii]
1672 2585 1839 2639 auguri

142 2646 355 2700 Skutsch,
398 2646 700 2703 auguriorum
733 2647 772 2689 A
812 2648 827 2702 ΙΙ
865 2649 915 2688 18
949 2644 1150 2712 obseru]
1187 2645 1375 2687 seruata
1410 2644 1462 2686 Φ
1501 2645 1506 2698 Ι
1544 2642 1715 2700 utrius]
1749 2654 1839 2697 que

143 2706 248 2750 add.
282 2706 470 2749 mB¹Pz
509 2709 523 2761 ΙΙ
562 2710 613 2748 19
645 2704 843 2763 speeies]
882 2718 965 2749 om.
992 2706 1033 2748 A
1070 2705 1075 2759 Ι
1112 2703 1193 2762 811]
1227 2709 1331 2760 post
1362 2701 1599 2760 potentior
1628 2701 1726 2746 coll.
1753 2702 1792 2744 A
1832 2702 1837 2755 Ι

145 2765 204 2824 si]
236 2765 317 2810 sed
343 2768 425 2810 ΔΤ
453 2769 459 2821 Ι
486 2767 685 2821 utraque
711 2790 765 2797 —
790 2768 848 2808 20
881 2763 1036 2822 signa]
1067 2765 1177 2807 utra
1206 2776 1279 2807 res
1310 2762 1409 2806 uim
1441 2761 1562 2819 (uisa
1586 2762 1629 2816 ε)
1663 2759 1836 2804 attulit.

145 2824 330 2882 signnm
355 2827 394 2869 A
419 2828 434 2881 μ
458 2829 517 2868 20
540 2825 645 2883 par]
669 2837 779 2880 pars
803 2825 926 2927 λΤΚΙ]
956 2827 1015 2867 82
1039 2822 1101 2866 ad
1125 2822 1220 2866 ind.
1247 2822 1425 2879 ignem]
1451 2820 1754 2864 indicandum
1778 2831 1839 2862 811

146 2884 193 2927 in
217 2884 327 2942 igne
352 2886 391 2928 A
416 2887 431 2941 ΙΙ
455 2888 512 2928 28
546 2884 585 2927 si
610 2884 716 2928 add.
743 2887 819 2938 ΒΕ
845 2884 852 2940 Ι
929 2882 1011 2926 iud
1043 2884 1151 2926 exta
1175 2883 1277 2925 ΔΦ
1329 2882 1436 2925 exta
1461 2879 1589 2924 aliud
1615 2877 1803 2922 Bemv
1823 2879 1840 2935 ΙΙ

145 2947 202 2987 85
235 2942 295 3002 si]
327 2943 409 2988 sed
441 2946 524 2988 ΔΟ
567 2946 573 3000 Ι
617 2942 852 3000 quamuis]
896 2955 1037 2998 quam
1068 2941 1120 2984 1²
1172 2954 1264 2996 quo
1329 2944 1364 2983 Ε
