1988 3138
57 568 90 600 -5

48 939 91 972 1⁰

49 1311 90 1344 15

495 128 722 173 NATUR.
754 128 1004 183 QUAEST.
1037 129 1150 174 LIB.
1180 128 1214 174 Ι.
1250 134 1317 173 15.
1353 133 1420 173 16.
1733 130 1802 182 37

114 250 317 304 balneis
356 250 548 322 agebat
585 251 676 303 ille
708 251 961 303 dilectum
1001 254 1055 302 et
1093 255 1276 319 aperta
1313 269 1560 304 mensura
1595 251 1808 322 legebat

115 327 282 393 viros,
343 325 435 377 sed
488 323 841 377 nihilominus
895 325 1184 377 mendaciis
1241 343 1452 394 quoque
1506 325 1807 379 insatiabile

115 401 314 452 malum
346 399 669 452 oblectabat:
700 399 719 450 i
748 416 892 452 nunc
923 403 977 451 et
1001 399 1086 452 dic
1117 401 1393 468 speculum
1425 396 1807 453 munditiarum

116 492 277 526 causa
326 477 610 542 repertum.
700 473 857 525 foeda
911 473 1054 526 dictu
1111 477 1256 542 sunt,
1312 492 1445 542 quae
1499 477 1807 543 portentum

115 547 250 600 illud
288 565 379 600 ore
419 566 515 600 suo
554 548 933 600 lancinandum
975 548 1168 600 dixerit
1205 549 1518 617 feceritque,
1558 567 1679 602 cum
1726 550 1807 602 illi

118 622 334 690 specula
371 621 437 673 ab
478 622 625 674 omni
674 626 825 690 parte
866 626 1278 691 opponerentur,
1326 626 1387 674 ut
1426 624 1540 691 ipse
1580 623 1808 694 flagitio-

114 698 232 748 rum
284 714 502 748 suorum
555 699 824 765 spectator
873 700 1014 749 esset
1062 700 1137 765 et,
1178 715 1312 766 quae
1354 701 1555 750 secreta
1594 716 1806 767 quoque

115 771 495 823 conscientiam
546 774 799 839 premunt
837 789 1078 839 quaeque
1118 776 1165 824 et
1202 771 1304 824 sibi
1343 772 1568 840 quisque
1619 772 1807 825 fecisse

115 863 172 896 se
210 848 392 915 negat,
442 863 550 898 non
601 845 657 896 in
698 863 758 898 os
797 849 1005 898 tantum
1047 846 1139 898 sed
1176 846 1231 898 in
1273 847 1456 898 oculos
1499 865 1622 900 suos
1662 848 1807 917 inge-

112 923 264 971 reret
344 923 400 971 at
435 918 652 972 hercule
693 920 892 972 scelera
938 923 1284 989 conspectum
1325 921 1408 972 sui
1445 921 1806 973 reformidant.

115 994 170 1044 in
209 993 432 1062 perditis
465 1012 679 1062 quoque
711 997 765 1046 et
795 994 862 1046 ad
901 1013 1058 1048 omne
1091 995 1316 1048 dedecus
1350 996 1607 1064 expositis
1639 999 1809 1049 tener-

114 1068 251 1119 rima
289 1071 370 1120 est
408 1069 687 1121 oculorum
727 1069 1065 1121 verecundia:
1106 1070 1212 1137 ille,
1252 1070 1405 1138 quasi
1443 1089 1631 1138 parum
1672 1074 1811 1123 esset

115 1142 355 1194 inaudita
404 1147 458 1195 et
507 1143 782 1213 incognita
830 1144 966 1212 pati,
1014 1145 1198 1196 oculos
1245 1162 1369 1196 suos
1410 1145 1475 1196 ad
1521 1145 1615 1197 illa
1653 1145 1810 1198 advo-

116 1217 257 1268 cavit
294 1235 393 1269 nec
432 1221 691 1285 quantum
730 1218 986 1286 peccabat
1023 1219 1201 1271 videre
1243 1222 1546 1287 contentus,
1595 1221 1811 1288 specula

115 1290 218 1342 sibi
264 1309 360 1359 per
398 1310 534 1360 quae
581 1292 786 1362 flagitia
833 1310 928 1344 sua
968 1292 1226 1346 divideret
1265 1293 1673 1363 disponeretque
1714 1295 1810 1347 cir-

115 1365 407 1434 cumdedit3
458 1370 512 1418 et
551 1366 677 1435 quia
726 1384 834 1419 non
881 1370 990 1419 tam
1032 1367 1315 1438 diligenter
1352 1369 1548 1421 intueri
1586 1372 1810 1437 poterat,

115 1457 236 1492 cum
289 1444 451 1509 caput
496 1444 752 1493 merserat
801 1441 1217 1512 inguinibusque
1258 1443 1443 1495 alienis
1485 1443 1811 1511 obhaeserat‚

116 1532 251 1582 opus
284 1514 386 1566 sibi
419 1533 574 1567 suum
606 1534 703 1583 per
733 1516 992 1586 imagines
1026 1516 1292 1570 offerebat.
1358 1518 1632 1586 spectabat
1662 1519 1810 1571 illam

115 1588 391 1641 libidinem
437 1589 543 1641 oris
595 1590 693 1657 sui,
745 1590 1019 1659 spectabat
1057 1591 1341 1644 admissos·
1368 1592 1469 1644 sibi
1519 1593 1717 1661 pariter
1754 1594 1810 1644 in

116 1663 296 1715 omnia
345 1664 512 1731 viros3
561 1682 963 1732 nonnumquam
1016 1666 1154 1719 inter
1203 1685 1403 1719 marem
1454 1671 1508 1719 et
1556 1667 1810 1720 feminam

106 1737 432 1793 ‚distributus
472 1742 526 1790 et
565 1742 679 1791 toto
721 1757 942 1808 corpore
982 1740 1270 1808 patientiae
1302 1742 1576 1810 expositus
1610 1745 1812 1811 specta-

116 1810 206 1863 bat
244 1812 493 1864 nefanda:
534 1813 789 1881 quidnam
829 1813 992 1867 homo
1032 1815 1275 1883 impurus
1307 1816 1540 1884 reliquit,
1573 1816 1717 1884 quod
1755 1817 1811 1868 in

115 1885 348 1938 tenebris
399 1886 633 1940 faceret?
710 1906 819 1940 non
858 1889 1138 1957 pertimuit
1177 1889 1332 1958 diem,
1383 1890 1475 1943 sed
1527 1891 1648 1943 illos
1689 1909 1811 1944 con-

117 1959 328 2013 cubitus
363 1965 740 2029 portentuosos
774 1962 875 2014 sibi
915 1964 1029 2032 ipse
1063 1964 1296 2016 ostendit
1334 1965 1436 2017 sibi
1476 1965 1589 2034 ipse
1622 1984 1811 2035 appro-

233 2200 255 2238 1
287 2194 487 2254 balneis]
521 2196 721 2241 balineis
752 2199 859 2241 ΡΗ
894 2202 900 2255 Ι
935 2198 1014 2243 dil.
1019 2200 1035 2258 j
1070 2199 1302 2244 delectum
1327 2204 1400 2243 Bc
1433 2202 1569 2260 vulyo
1600 2203 1614 2259 ΙΙ
1645 2206 1673 2245 2
1705 2202 1807 2261 sed]

115 2254 155 2298 si
179 2255 218 2299 δ
248 2257 263 2311 fl
294 2258 320 2298 8
345 2255 458 2315 obl.]
491 2256 824 2302 obdelcctabat
844 2257 1006 2301 3¹1²?
1037 2261 1051 2315 ΙΙ
1083 2263 1108 2302 5
1141 2259 1475 2304 lancinandum
1498 2262 1643 2320 ΒΗΤ]
1667 2260 1807 2306 lacin.

113 2317 185 2357 ΡΖ
216 2313 519 2359 lacerandum
544 2318 584 2359 A
624 2314 820 2360 lenocin.
846 2319 926 2362 13).
958 2321 971 2375 ΙΙ
1004 2322 1031 2362 6
1063 2319 1192 2378 opp]
1225 2322 1348 2376 (pon.
1382 2322 1466 2377 vel)
1498 2323 1811 2378 apponeretur

116 2375 156 2417 Δ
196 2375 212 2430 Ι
250 2378 276 2417 8
309 2387 459 2419 consc.
493 2376 731 2435 premunt]
764 2377 1050 2422 conscientia
1080 2382 1355 2435 premuntur
1378 2382 1418 2423 Δ
1455 2382 1461 2436 Ι
1496 2382 1729 2450 quaeque]
1763 2383 1812 2426 et

116 2445 236 2489 quae
268 2435 310 2478 Δ
357 2437 405 2478 et
443 2447 564 2491 quae
611 2433 694 2479 alii
741 2448 888 2493 aeque
920 2436 1080 2483 Haase
1130 2441 1135 2493 Ι
1185 2441 1233 2483 et
1272 2438 1362 2483 sibi
1398 2439 1497 2498 Ga]
1545 2453 1600 2484 ac
1633 2440 1723 2484 sibi
1758 2442 1811 2485 Φ

117 2495 364 2537 accusatus
396 2496 435 2538 A
484 2494 564 2550 qui
597 2494 715 2539 facit
745 2494 836 2540 sibi
869 2496 1088 2555 Madvi9‚
1121 2500 1248 2543 tacet
1278 2512 1333 2543 ac
1367 2514 1400 2543 s.
1433 2499 1686 2554 Rossbach,
1718 2500 1808 2544 sibi

117 2551 307 2596 Skutsch
341 2555 348 2610 Ι
380 2554 547 2597 fecisse
579 2554 648 2612 se]
682 2568 730 2599 se
761 2561 867 2601 ante
898 2556 928 2600 f.
963 2560 1036 2599 Bc
1068 2556 1159 2601 sibi
1191 2557 1221 2601 f.
1255 2560 1290 2603 λ
1321 2561 1336 2615 ΙΙ
1367 2562 1418 2602 10
1449 2558 1638 2603 hercule
1668 2560 1807 2618 331⁸]

115 2610 326 2656 hercules
350 2614 436 2657 εΦ
473 2626 546 2657 me
576 2612 788 2659 hercules
811 2616 942 2660 Pina.
962 2617 1122 2661 Haase
1151 2616 1307 2662 hercle
1331 2622 1369 2662 Δ
1403 2621 1410 2675 Ι
1446 2618 1536 2678 sui]
1570 2634 1704 2663 suum
1730 2622 1769 2663 A
1795 2621 1809 2675 11

116 2674 169 2714 18
198 2669 301 2729 ine]
333 2674 490 2716 autem
522 2672 628 2718 add.
654 2675 695 2717 A
742 2676 758 2731 fl
802 2679 852 2718 1⁷
886 2678 1030 2733 caput
1059 2678 1303 2737 merserat]
1344 2692 1632 2735 compressus
1667 2681 1808 2736 (com-

117 2728 282 2786 plexus
321 2735 366 2788 s)
414 2735 515 2776 erat
546 2735 585 2776 A
637 2734 643 2787 Ι
692 2732 983 2793 inguinibus]
1033 2734 1249 2780 clunibus
1281 2739 1321 2781 A
1377 2738 1392 2795 ΙΙ
1445 2742 1496 2781 19
1543 2737 1807 2796 spectabat]

119 2789 419 2846 spectabatur
458 2790 809 2849 (speculabatur
838 2797 882 2852 ε)
914 2797 955 2839 Δ
1002 2801 1108 2840 ante
1139 2794 1269 2840 illam
1322 2799 1327 2853 Ι
1377 2797 1573 2856 pariter]
1605 2812 1687 2842 om.
1723 2799 1762 2840 A

118 2851 177 2891 20
197 2847 345 2909 uiros]
366 2851 471 2905 sort.
499 2864 661 2896 nervos
682 2852 758 2897 Ge.
779 2853 917 2898 Kroll
943 2858 948 2909 Ι
977 2855 1024 2898 et
1047 2853 1100 2913 f.]
1126 2868 1181 2899 ac
1206 2855 1235 2899 f.
1262 2860 1391 2899 1111.
1415 2858 1430 2913 ΙΙ
1453 2861 1504 2900 81
1529 2855 1787 2913 patientiae

116 2920 339 2993 patienti‘
369 2941 409 2983 A
452 2942 467 2996 ΙΙ
509 2942 566 2983 88
598 2938 726 2999 illos]
757 2941 885 2999 ipsos
917 2945 957 2986 A
