1988 3138
511 181 736 228 NATUR.
770 181 1022 236 QUAEST.
1054 182 1164 226 LIB.
1196 181 1273 227 111.
1310 189 1437 228 1—6.
1755 180 1827 234 99

235 308 286 359 4.
342 305 582 359 Primum
638 321 766 375 ergo
823 321 1139 373 quaeramus
1149 345 1164 373 ,
1219 305 1489 373 quomodo
1542 304 1607 357 ad
1660 304 1827 358 conti-

124 381 368 434 nuandos
405 380 688 432 fluminum
729 396 915 430 cursus
955 378 1096 431 terra
1131 378 1390 448 sufficiat,
1436 379 1578 432 unde
1616 381 1828 431 tantum

126 473 383 525 aquarum
424 457 588 507 exeat.
651 453 923 520 miramur,
962 452 1107 522 quod
1147 454 1505 506 accessionem
1544 453 1828 505 fluminum

126 530 294 583 maria
329 546 438 582 non
477 528 732 580 sentiant:
788 545 955 595 aeque
1001 527 1302 579 mirandum
1344 531 1447 596 est,
1487 528 1630 598 quod
1670 528 1828 580 detri-

80 629 99 662 5
124 607 362 657 mentum
408 603 717 655 exeuntium
764 605 906 654 terra
949 619 1061 654 non
1107 602 1281 654 sentit.
1362 603 1492 671 quid
1539 605 1643 668 est,
1683 602 1826 671 quod

123 677 271 731 illam
296 681 389 730 aut
411 678 489 730 sic
512 675 831 745 impleverit,
856 679 917 727 ut
939 676 1193 745 praebere
1218 679 1428 729 tantum
1453 696 1518 730 ex
1549 676 1826 730 recondito

123 753 307 822 possit,
337 755 431 804 aut
461 750 688 804 subinde
712 751 788 803 sic
812 749 1096 819 suppleat?
1147 768 1540 820 quamcumque
1563 752 1826 804 rationem

124 827 503 880 reddiderimus
529 825 594 878 de
625 824 861 892 flumine,
886 825 1069 878 eadem
1094 826 1197 877 erit
1222 826 1460 878 rivorum
1486 845 1548 880 ac
1578 827 1825 879 fontium.

233 900 280 954 5.
307 899 536 964 Quidam
562 900 800 952 iudicant
823 902 1034 968 terram,
1060 900 1316 969 quicquid
1349 918 1608 968 aquarum
1632 901 1826 968 emisit,

58 1001 99 1032 ιο
122 993 304 1028 rursus
356 975 594 1043 accipere
646 977 699 1027 et
750 975 820 1027 ob
871 973 975 1028 hoc
1026 975 1195 1027 maria
1242 992 1351 1027 non
1394 992 1650 1043 crescere,
1700 976 1827 1043 quia

123 1049 266 1119 quod
291 1048 520 1116 influxit,
551 1067 662 1102 non
694 1050 750 1101 in
774 1066 930 1101 suum
956 1051 1172 1102 vertunt
1197 1049 1288 1102 sed
1313 1050 1558 1118 protinus
1582 1050 1823 1102 reddunt.

121 1123 331 1177 occulto
363 1124 505 1176 enim
540 1124 728 1176 itinere
761 1124 906 1176 subit
937 1126 1103 1177 terras
1137 1127 1191 1176 et
1213 1124 1432 1194 <quod>
1462 1124 1640 1194 palam
1665 1125 1826 1191 venit,

123 1202 325 1252 secreto
375 1199 675 1266 revertitur,
725 1198 1037 1266 solaturque
1089 1199 1146 1250 in
1196 1199 1425 1252 transitu
1465 1217 1633 1268 mare,
1684 1200 1829 1268 quod

121 1292 216 1342 per
253 1273 578 1342 multiplices
629 1276 890 1326 terrarum
942 1273 1211 1326 anfi-actus
1251 1272 1590 1326 verberatum
1641 1274 1827 1326 amari-

55 1372 95 1404 15
121 1347 360 1400 tudinem
415 1348 571 1416 ponit
625 1351 679 1400 et
731 1349 1051 1416 pravitatem
1107 1348 1163 1399 in
1217 1351 1368 1400 tanta
1422 1349 1523 1401 soli
1570 1348 1827 1402 varietate

121 1440 369 1491 saporum
411 1423 560 1475 exuit
599 1426 652 1475 et
692 1423 747 1474 in
787 1423 1047 1476 sinceram
1089 1440 1282 1491 aquam
1321 1423 1525 1476 transit.

232 1496 281 1549 6.
323 1496 551 1560 Quidam
592 1497 924 1566 existimant,
964 1497 1220 1566 quicquid
1261 1515 1325 1549 ex
1374 1497 1637 1550 imbribus
1686 1500 1826 1550 terra
1862 1513 1883 1551 1

122 1572 388 1640 concepit,
439 1571 491 1624 id
543 1572 691 1624 illam
743 1589 926 1625 rursus
979 1572 1221 1624 emittere
1272 1575 1326 1625 et
1375 1571 1481 1626 hoc
1521 1573 1825 1642 argumenti

119 1647 240 1700 loco
272 1650 498 1715 ponunt,
530 1646 674 1715 quod
705 1647 1029 1716 paucissima
1060 1646 1283 1698 flumina
1314 1647 1371 1698 in
1401 1646 1488 1700 his
1521 1649 1646 1699 sunt
1678 1647 1827 1713 lociS,

53 1741 97 1776 ιο
121 1720 315 1789 quibus
354 1739 503 1773 rarus
544 1724 626 1774 est
672 1720 853 1774 imber.
935 1721 1053 1774 ideo
1101 1722 1267 1774 siccas
1316 1722 1468 1774 aiunt
1505 1719 1825 1791 Aethiopiae
1860 1736 1885 1775 2
1972 1759 1988 1793 μη

121 1795 436 1848 solitudines
476 1814 590 1848 esse
637 1813 944 1865 paucosque
991 1796 1217 1848 inveniri
1265 1796 1322 1847 in
1362 1796 1602 1849 interiori
1642 1794 1827 1851 Africa

121 1872 319 1938 fontes,
370 1871 497 1939 quia
547 1870 750 1922 fervida
787 1874 979 1923 natura
1018 1869 1150 1924 caeli
1191 1871 1260 1922 sit
1300 1874 1353 1923 et
1399 1889 1567 1939 paene
1617 1889 1828 1940 semper

122 1945 342 2013 aestiva3
370 1943 643 2014 squalidae
669 1946 849 2014 itaque
875 1946 988 1998 sine
1014 1945 1201 1998 arbore
1226 1946 1340 1998 sine
1370 1946 1574 1998 cultore
1597 1945 1826 1999 harenae

128 2020 300 2073 iacent
336 2020 469 2072 raris
518 2020 779 2072 imbribus
820 2038 1057 2089 sparsae,
1096 2037 1232 2088 quos
1273 2021 1453 2073 statim
1494 2020 1823 2074 combibunt.

55 2116 98 2148 ιε
123 2098 178 2146 at
226 2098 411 2146 contra
463 2097 674 2147 constat
714 2092 1053 2147 Germaniam
1096 2091 1430 2164 GaHiamque
1482 2098 1535 2147 et
1581 2095 1825 2164 proxime

123 2168 188 2221 ab
231 2169 336 2222 illis
369 2166 577 2221 Italiam
612 2169 879 2222 abundare
912 2169 1041 2222 rivis
1075 2171 1128 2222 et
1160 2168 1488 2238 fluminibus,
1521 2170 1647 2239 quia
1678 2171 1823 2223 caelo

124 2243 305 2296 umido
362 2247 586 2296 utuntur
631 2246 684 2296 et
737 2262 804 2296 ne
859 2247 1030 2297 aestas
1080 2243 1295 2313 quidem
1350 2244 1611 2298 imbribus
1667 2248 1824 2298 caret.

240 2409 269 2448 4
301 2404 654 2463 detrimentum]
696 2408 766 2449 -ta
800 2407 839 2449 Δ
895 2408 910 2462 ΙΙ
964 2409 992 2449 6
1025 2407 1127 2463 aut]
1164 2420 1247 2449 om.
1283 2408 1321 2449 A
1378 2408 1392 2463 ΙΙ
1447 2411 1472 2450 7
1508 2406 1609 2465 aut]
1651 2419 1705 2450 ac
1739 2409 1778 2450 A
1811 2409 1826 2463 ΙΙ

122 2467 150 2506 0
181 2477 267 2508 em.
294 2464 471 2522 rums]
506 2478 667 2508 cursus
699 2464 857 2509 emisit
880 2467 919 2509 Δ
953 2467 968 2521 ΙΙ
999 2469 1044 2508 11
1075 2465 1298 2524 reddunt]
1332 2465 1534 2510 reddant
1558 2467 1597 2510 δ
1627 2467 1641 2522 ΙΙ
1672 2470 1724 2509 18
1756 2467 1820 2523 et]

123 2523 203 2567 ned
235 2526 351 2579 ABp
398 2523 524 2579 quod
555 2525 624 2568 vel
653 2526 905 2581 postquam
937 2524 1045 2569 add.
1074 2525 1152 2569 Ge.
1194 2527 1242 2569 et
1272 2524 1440 2582 palans
1473 2525 1600 2570 venis
1633 2525 1824 2569 secretis

123 2583 236 2627 ωκί.
269 2582 437 2640 Haupt
479 2586 494 2639 ΙΙ
536 2587 587 2627 18
620 2583 911 2643 secretquue
955 2583 1062 2628 add.
1094 2587 1166 2629 Be
1212 2586 1226 2640 ΙΙ
1269 2588 1320 2628 18
1364 2598 1583 2642 saporum
1614 2585 1824 2642 Skutsch]

125 2654 336 2698 saporem
364 2644 418 2687 Φ
448 2643 629 2700 saporis
653 2647 688 2686 Β
713 2649 753 2688 et
784 2649 890 2688 ante
921 2643 969 2687 in
1000 2646 1034 2687 t.
1062 2646 1118 2698 A,
1150 2645 1233 2689 del.
1261 2645 1448 2689 Fickert
1479 2647 1493 2701 ΙΙ
1523 2649 1574 2687 18
1608 2645 1824 2701 concepit

125 2701 331 2761 θῆτα-11]
364 2703 492 2747 conci
530 2703 569 2746 it
597 2704 603 2759 Ι
632 2702 678 2745 id
712 2702 866 2762 illam]
898 2704 958 2746 ad
991 2702 1123 2747 illam
1155 2707 1274 2762 ΚρΖ
1310 2704 1371 2747 ad
1403 2704 1499 2748 ima
1530 2704 1655 2749 trahi
1687 2708 1731 2748 et
1763 2703 1823 2747 ad

127 2758 251 2804 illam
283 2765 361 2805 21·
402 2762 450 2806 in
515 2762 678 2807 nmina
710 2764 749 2806 Δ
784 2764 793 2819 Ι
834 2762 1068 2822 emittere]
1112 2763 1267 2808 emitti
1299 2766 1428 2808 AET
1470 2766 1485 2821 ΙΙ
1526 2767 1578 2807 19
1608 2763 1822 2822 flumina]

125 2835 207 2863 om.
234 2822 274 2865 Δ
301 2823 309 2876 Ι
335 2824 445 2867 sunt
475 2822 523 2865 in
550 2822 621 2865 his
646 2822 744 2867 coll.
771 2824 856 2866 AB
889 2824 904 2879 ΙΙ
934 2827 993 2866 20
1018 2822 1209 2881 quibus]
1235 2823 1284 2866 in
1310 2822 1481 2879 quibus
1507 2826 1546 2867 A
1580 2826 1594 2880 ΙΙ
1625 2827 1677 2867 81
1702 2825 1821 2890 esse]

126 2883 231 2924 ante
260 2879 395 2924 aiunt
424 2884 464 2926 A
511 2886 518 2937 Ι
564 2881 773 2925 interiori
808 2882 867 2941 δ]
903 2895 1001 2926 -ore
1048 2885 1054 2938 Ι
1102 2882 1251 2926 africa
1281 2883 1331 2942 z]
1373 2881 1538 2926 affrica
1583 2885 1598 2939 ΙΙ
1642 2886 1700 2925 22
1734 2882 1819 2925 celn

127 2940 293 2982 natura
321 2941 419 2985 coll.
451 2944 576 2985 JKA
623 2944 637 2997 fl
684 2944 741 2985 28
783 2941 940 2986 iacent
982 2941 1186 2986 harenae
1225 2942 1323 2986 coll.
1358 2943 1390 2985 λ
1439 2944 1453 2998 Η
1500 2945 1557 2985 26
1591 2941 1705 2999 illis]
1751 2941 1821 2985 his

127 3002 165 3041 A
202 3002 211 3054 Ι
244 2998 516 3044 habundare
550 3000 666 3045 trad.
704 3007 752 3045 ut
782 3015 953 3059 semper
988 3006 994 3058 Ι
1029 3002 1154 3047 flum.
1188 3004 1236 3047 et
1266 3001 1377 3044 rivis
1410 3001 1599 3047 Skutsch

1496 3075 1550 3119 7.
