1988 3138
490 83 715 127 NATUR.
749 82 1000 137 QUAEST.
1034 83 1146 128 LIB.
1178 83 1256 128 VI.
1289 88 1479 129 30—32.
1728 85 1835 137 231

135 209 244 259 test
282 223 380 275 par
428 205 509 257 illi
560 205 815 274 subsequi
854 205 1008 275 alius»,
1048 205 1137 257 sed
1186 209 1310 274 post
1348 206 1644 259 maximum
1692 205 1839 259 lenes

135 284 316 333 motus
356 284 496 347 sunt,
535 280 662 348 quia
697 281 823 333 rixa
861 280 1231 333 vehementius
1272 281 1476 333 exitum
1515 281 1690 333 ventis
1729 280 1837 334 Iuc-

135 354 375 407 tantibus
406 354 556 422 fecit3
586 353 846 423 reliquiae
870 353 1060 406 deinde
1084 354 1283 407 residui
1316 355 1537 424 spiritus
1561 373 1672 408 non
1695 354 1838 408 idem

137 433 381 498 possunt,
417 446 516 482 nec
554 428 662 481 illis
694 447 877 499 pugna
909 446 1045 498 opus
1078 433 1174 498 est,
1214 447 1335 482 cum
1375 430 1480 482 iam
1513 430 1656 481 viam
1695 430 1838 483 inve·

93 525 114 556 5
137 503 317 555 nerint
346 507 745 571 sequanturque
770 520 845 570 ea,
870 521 977 572 qua
999 504 1175 572 prima
1198 505 1279 555 vis
1306 521 1366 556 ac
1390 503 1624 556 maxima
1655 505 1838 557 evasit.

250 575 369 630 Hoc
408 595 621 646 quoque
660 576 885 648 dignum
925 578 1184 630 memoria
1221 578 1399 631 iudico
1441 578 1505 631 ab
1547 578 1838 631 eruditissi-
1873 593 1897 630 3

136 669 225 704 mo
258 655 311 704 et
350 652 669 722 gravissimo
701 652 818 705 viro
851 652 1130 723 cognitum
1171 650 1336 723 (forte
1375 653 1536 721 enim,
1574 671 1695 705 cum
1734 653 1840 708 hoc

136 726 330 794 evenit,
354 724 680 795 lavabatur):
713 726 909 779 vidisse
934 745 990 779 se
1016 726 1251 780 affirmat
1282 727 1338 779 in
1366 726 1556 780 balneo
1582 727 1840 796 tessellaS‚

137 799 334 869 quibus
373 802 549 853 solum
590 805 703 853 erat
743 804 987 869 stratum,
1028 801 1248 854 alteram
1290 801 1357 854 ab
1398 803 1566 854 altera
1605 802 1843 870 separari

12 870 21 907 3
72 896 115 929 ιο
138 876 375 944 itemque
423 875 691 928 committi
738 879 792 928 et
839 894 1034 944 aquam
1082 876 1241 929 modo
1282 876 1450 944 recipi
1497 877 1555 928 in
1594 877 1842 930 commis-

136 967 288 1002 suras
327 950 635 1018 pavimento
675 950 970 1018 recedente,
1009 950 1169 1003 modo
1203 968 1512 1020 compresso
1552 950 1748 1003 bullire
1788 954 1842 1004 et

136 1023 278 1076 elidi.
367 1024 593 1077 eundem
645 1025 828 1078 audivi
876 1029 1183 1078 narrantem
1233 1025 1431 1078 vidisse
1482 1043 1537 1078 se
1588 1026 1840 1079 macerias

136 1097 352 1151 mollius
393 1099 738 1168 crebriusque
778 1103 1003 1152 tremere
1043 1117 1205 1168 quam
1244 1103 1438 1152 natura
1477 1099 1596 1153 duri
1637 1101 1779 1152 sinit.

249 1173 336 1225 32.
376 1172 539 1242 Haec,
570 1174 745 1227 Lucili
778 1174 1011 1227 virorum
1049 1175 1269 1243 optime,
1301 1178 1563 1243 quantum
1596 1174 1661 1227 ad
1695 1175 1840 1243 ipsas
1875 1189 1896 1227 1

71 1270 112 1302 15
137 1265 345 1300 causas:
397 1249 490 1301 illa
540 1267 696 1316 nunc,
737 1267 872 1318 quae
912 1249 979 1301 ad
1027 1250 1488 1303 confirmationem
1537 1250 1839 1302 animorum
1977 1218 1987 1307 i

15 1319 18 1323 ’
137 1322 431 1391 pertinent!
487 1342 622 1392 quos
646 1325 819 1394 magis
852 1323 1015 1376 refert
1039 1327 1223 1376 nostra
1253 1323 1507 1376 fortiores
1538 1324 1657 1376 fieri
1681 1342 1838 1393 quam
1984 1325 1987 1337 '

138 1396 419 1466 doctiores,
469 1397 560 1450 sed
612 1398 842 1451 alterum
892 1399 1006 1450 sine
1058 1397 1226 1451 altero
1268 1416 1376 1451 non
1415 1399 1498 1451 fit:
1549 1415 1658 1451 non
1699 1399 1842 1451 enim

138 1470 352 1524 aliunde
385 1472 564 1525 animo
597 1473 743 1525 venit
784 1472 949 1525 robur
980 1491 1141 1542 quam
1175 1492 1205 1525 a
1237 1472 1392 1525 bonis
1426 1472 1648 1542 artibus,
1681 1491 1843 1542 quam
1967 1480 1975 1553 ὲ]

137 1564 169 1597 a
209 1546 663 1616 contemplatione
715 1552 951 1600 naturae.
1030 1565 1190 1616 quem
1231 1548 1375 1600 enim
1426 1565 1537 1600 non
1586 1546 1675 1600 hic
1725 1548 1841 1617 ipse
1874 1562 1899 1600 2
1972 1558 1988 1584 Κ

69 1641 114 1675 no
138 1637 292 1673 casus
343 1620 597 1674 adversus
649 1640 832 1675 omnes
883 1622 1200 1690 firmaverit,
1250 1622 1515 1675 erexerit?
1592 1621 1722 1691 quid
1761 1624 1844 1675 est

18 1758 26 1763 ,
137 1694 295 1764 enim,
336 1713 432 1749 cur
464 1713 563 1767 ego
604 1695 879 1749 hominem
912 1700 1005 1749 aut
1043 1697 1227 1765 feram,
1260 1697 1389 1767 quid
1422 1699 1518 1765 est,
1553 1714 1648 1750 cur
1680 1696 1843 1767 sagit-

14 1771 27 1841 ]
136 1774 248 1822 tam
288 1773 381 1823 aut
420 1769 657 1824 lanceam
699 1772 964 1824 tremam?
1026 1772 1231 1824 maiora
1261 1789 1345 1824 me
1378 1771 1618 1840 pericula
1656 1784 1841 1841 expec⁴

137 1848 278 1897 tant:
324 1844 642 1898 fulminibus
683 1850 736 1898 et
782 1846 940 1898 terris
981 1850 1034 1899 et
1075 1847 1296 1916 irriguis
1336 1850 1558 1899 naturae
1598 1846 1842 1915 partibus

137 1919 385 1988 petimur.
463 1920 670 1991 ingenti
723 1921 904 1990 itaque
943 1921 1123 1973 animo
1172 1939 1315 1974 mors
1365 1920 1708 1990 provocanda
1746 1924 1841 1990 est,
1874 1935 1900 1973 3

0 1995 1 2058 f
68 2013 113 2048 a
137 1993 249 2046 sive
295 2011 395 2047 nos
441 2011 595 2047 saevo
636 1998 896 2065 vastoque
945 1996 1150 2064 impetu
1198 1995 1525 2066 aggreditur,
1573 1995 1684 2048 sive
1734 1999 1842 2048 cot-

137 2067 343 2121 tidiano
402 2073 457 2121 et
508 2069 718 2139 vulgari
778 2070 939 2123 exitu.
1029 2069 1166 2123 nihil
1218 2070 1396 2139 refert,
1446 2088 1607 2139 quam
1658 2070 1843 2123 minax

137 2142 319 2196 veniat
369 2148 736 2213 quantumque
786 2146 857 2197 sit
908 2145 1052 2214 quod
1103 2145 1157 2196 in
1208 2162 1308 2198 nos
1361 2144 1562 2214 trahat3
1622 2144 1765 2213 quod
1813 2163 1843 2196 a

137 2256 205 2303 let
223 2259 300 2303 Ge.
327 2263 341 2316 Η
367 2264 394 2303 2
419 2261 518 2304 rixa
538 2261 638 2319 Ge]
664 2260 756 2304 iam
788 2309 789 2315 χ
823 2260 1164 2321 uehementius]
1191 2261 1305 2305 -tior
1321 2262 1587 2316 Fromond.‚
1612 2261 1843 2305 -tissimus

138 2318 420 2374 Pa‘ncianus,
464 2333 614 2364 -mens
648 2321 715 2364 vis
752 2320 968 2379 Madviy,
1012 2321 1190 2378 primus
1222 2322 1412 2367 Skutsch
1447 2322 1452 2377 Ι
1496 2320 1694 2379 exitum]
1732 2323 1838 2376 sort.

132 2383 238 2434 post
268 2378 558 2424 luctantibus
589 2381 686 2424 coll.
724 2381 802 2425 Ge.
836 2383 849 2426 ³!
880 2384 909 2424 4
940 2381 1121 2439 pugna]
1151 2386 1254 2437 post
1286 2382 1358 2425 est
1388 2381 1466 2425 r).
1498 2386 1603 2425 ante
1635 2378 1730 2424 illis
1762 2385 1798 2423 E
1829 2381 1844 2437 ΙΙ

139 2441 165 2480 5
198 2438 311 2497 qua]
345 2453 436 2495 que
460 2440 559 2496 Δ(λ
564 2445 619 2495 )·1·
682 2440 854 2499 euasit]
880 2439 1083 2497 impellit
1107 2442 1146 2485 δ
1169 2443 1182 2496 11
1207 2446 1232 2484 7
1260 2442 1308 2484 et
1331 2439 1631 2498 grauissimo]
1657 2454 1741 2485 om.
1769 2441 1807 2484 «f

138 2500 166 2539 ⁸
197 2497 431 2558 tessellae]
463 2499 695 2543 thesseras
720 2501 758 2543 d
788 2503 801 2555 Η
835 2505 879 2542 11
911 2499 1046 2558 bull.]
1080 2499 1276 2544 ebullire
1301 2505 1383 2543 Ex
1411 2502 1424 2555 ΙΙ
1456 2504 1508 2543 12
1540 2513 1656 2544 mac.
1685 2499 1823 2544 Kroll

137 2557 361 2602 materias
403 2568 404 2571 ’
438 2562 488 2602 13
522 2559 681 2617 quam]
715 2573 857 2615 quam
890 2573 1010 2616 quae
1043 2561 1081 2604 δ
1118 2588 1120 2598 1
1158 2560 1262 2604 duri
1296 2559 1428 2619 sinit]
1471 2559 1587 2602 dura
1619 2562 1728 2603 sunt
1760 2560 1799 2603 δ’
1828 2560 1844 2616 Ι]

138 2620 189 2659 15
223 2630 410 2662 causae:
444 2617 547 2677 illa]
579 2621 684 2674 fort.
719 2632 811 2663 res:
853 2618 1068 2663 ausculta
1104 2621 1181 2663 (ie.
1221 2623 1226 2676 Ι
1261 2633 1398 2674 nunc,
1431 2619 1571 2677 quae]
1606 2632 1726 2675 quae
1759 2618 1842 2662 ad-

139 2675 248 2719 dam
276 2677 411 2722 Gertz
441 2680 456 2735 fl
487 2682 539 2722 le
565 2679 743 2737 nostra]
776 2681 934 2723 uestra
958 2679 1116 2722 3¹1²·1·
1140 2681 1154 2736 Ι]
1177 2684 1225 2723 17
1253 2679 1505 2737 doctiores]
1532 2678 1744 2722 doctores
1770 2678 1804 2722 λ
1827 2679 1842 2735 Ι]

138 2738 191 2777 19
229 2749 367 2792 quem
435 2751 574 2793 quam
609 2739 645 2781 δ
739 2738 882 2797 enim]
931 2754 1013 2782 om.
1048 2740 1128 2798 <50
1174 2741 1188 2796 Ι]
1235 2742 1293 2782 20
1329 2738 1469 2796 etex]
1519 2740 1566 2781 et
1605 2751 1725 2781 erex.
1759 2738 1798 2782 δ’
1827 2738 1843 2794 ΙΙ

138 2797 196 2837 83
221 2793 362 2839 fulin(
399 2795 668 2841 fluminibus
694 2798 791 2842 61²
816 2799 823 2854 Ι
853 2797 1040 2855 irriguis
1069 2798 1170 2857 Ge]
1196 2798 1380 2855 magnis
1406 2799 1521 2849 δΦ,
1548 2797 1679 2854 vagis
1707 2797 1800 2841 Leo
1824 2798 1840 2854 Ι]

139 2856 198 2896 u
230 2855 453 2914 petimur]
493 2857 747 2913 premimur
777 2858 815 2902 δ
846 2861 859 2913 Ι]
893 2862 949 2901 25
983 2871 1118 2902 saevo
1154 2858 1308 2916 Gertz]
1359 2871 1509 2913 aequo
1542 2858 1579 2900 ὀ·
1593 2859 1658 2911 Φ,
1700 2868 1839 2900 caeco

140 2912 329 2971 Haupt,
361 2929 480 2959 novo
515 2918 593 2962 Ge.
