1988 3138
135 106 208 159 30
669 107 718 151 L.
751 106 986 151 ANNAEI
1019 107 1291 152 SENECAE

136 227 262 296 quia
312 228 570 281 accedunt
621 228 686 279 ad
736 228 970 296 aliquam
1026 230 1428 283 similitudinem
1484 231 1624 284 solis,
1714 250 1825 284 non

134 302 275 355 enim
315 305 490 354 totum
529 302 807 354 imitantur
839 303 931 355 sed
968 304 1390 373 magnitudinem
1423 305 1535 358 eius
1574 306 1822 375 figuram-

134 394 257 444 que:
299 379 531 430 ceterum
569 375 707 429 nihil
744 377 943 429 habent
981 378 1183 430 ardoris
1222 377 1436 431 hebetes
1477 383 1529 431 et
1566 379 1819 450 languidi.

133 450 216 503 his
254 450 397 519 quod
427 468 623 502 nomen
653 451 1015 519 imponimus?
1076 470 1145 503 an
1175 453 1314 506 facio
1348 453 1491 521 quod
1514 452 1822 524 Vergilius?

134 525 225 593 qui
258 525 522 576 dubitavit
553 524 617 577 de
647 525 878 593 nomine,
918 526 1106 578 deinde
1138 526 1206 596 id,
1239 527 1302 579 de
1337 546 1441 596 quo
1475 527 1820 598 dubitaverat,
1868 548 1890 580 5

131 599 334 667 posuit:

583 676 636 726 et
676 692 780 742 quo
821 677 872 725 te
910 674 1126 726 nomine
1168 674 1362 742 dicam,

293 746 588 800 Rhaetica?
625 765 724 800 nec
763 748 909 800 cellis
950 748 1068 800 ideo
1109 749 1366 801 contende
1404 749 1655 802 Falernis.

129 850 266 903 nihil
304 869 430 921 ergo
469 851 718 919 prohibet
763 852 884 904 illas
933 851 1172 920 parhelia
1209 853 1400 904 vocari.
1481 856 1604 905 sunt
1643 856 1819 906 autem

130 925 388 995 imagines
451 926 578 978 solis
633 926 690 977 in
741 926 881 978 nube
937 927 1107 994 spissa
1160 929 1212 978 et
1264 927 1439 979 vicina
1492 928 1549 978 in
1602 927 1819 979 modum
1845 950 1890 981 10

131 1000 345 1068 speculi.
410 1000 625 1067 quidam
656 999 936 1068 parhelion
967 1001 1042 1052 ita
1074 1000 1354 1053 definiunt:
1392 1002 1560 1054 nubes
1591 1002 1820 1054 rotunda

130 1077 183 1126 et
221 1074 497 1142 splendida
536 1074 831 1142 similisque
871 1075 983 1127 soli.
1064 1075 1304 1142 sequitur
1341 1076 1482 1128 enim
1529 1076 1682 1128 illum
1721 1093 1819 1128 nec

128 1166 382 1216 umquam
422 1149 635 1218 longius
673 1149 1008 1216 relinquitur,
1041 1168 1199 1218 quam
1239 1150 1357 1217 fuit,
1397 1167 1516 1202 cum
1557 1150 1815 1218 apparuit.

126 1223 379 1290 numquis
417 1226 660 1275 nostrum
701 1224 937 1290 miratur,
989 1224 1034 1275 si
1086 1224 1212 1275 solis
1260 1224 1494 1294 effigiem
1541 1225 1598 1275 in
1637 1224 1816 1292 aliquo

127 1297 275 1348 fonte
307 1300 399 1348 aut
436 1297 644 1365 placido
683 1299 803 1350 lacu
834 1298 1004 1349 vidit?
1055 1315 1179 1365 non,
1218 1301 1279 1350 ut
1309 1301 1453 1366 puto,
1519 1299 1667 1366 atqui
1706 1301 1815 1350 tam
1842 1319 1888 1352 15

127 1371 184 1422 in
223 1371 440 1423 sublimi
479 1372 640 1423 facies
680 1372 793 1424 eius
834 1390 993 1440 quam
1034 1372 1172 1424 inter
1208 1390 1306 1424 nos
1346 1376 1524 1441 potest
1548 1372 1732 1440 reddi,
1772 1373 1817 1424 si

127 1445 286 1497 modo
326 1445 517 1497 idonea
556 1449 637 1498 est
675 1445 909 1513 materia,
950 1464 1084 1514 quae
1121 1446 1318 1498 reddat.

242 1520 322 1571 12.
375 1518 629 1582 Quotiens
678 1520 1027 1572 defectionem
1076 1521 1203 1572 solis
1242 1522 1488 1573 volumus
1530 1521 1817 1589 deprehen-

127 1594 263 1661 dere,
295 1595 545 1678 ponimus
577 1596 773 1663 pelves,
807 1613 936 1663 quas
969 1597 1061 1646 aut
1093 1596 1210 1647 oleo
1244 1598 1335 1647 aut
1365 1595 1483 1664 pice
1515 1596 1814 1663 implemus,

126 1668 252 1735 quia
290 1668 512 1752 pinguis
546 1687 702 1721 umor
740 1668 916 1721 minus
956 1668 1111 1721 facile
1158 1669 1403 1721 turbatur
1441 1673 1494 1722 et
1532 1670 1650 1721 ideo
1684 1687 1814 1738 quas
1839 1691 1884 1722 20

123 1742 315 1811 recipit
353 1743 612 1826 imagines
653 1746 846 1812 servat3
901 1762 1153 1812 apparere
1193 1747 1369 1795 autem
1409 1744 1667 1813 imagines
1705 1762 1815 1795 non

124 1819 350 1885 possunt
371 1817 476 1869 nisi
508 1817 566 1869 in
595 1817 799 1886 liquido
826 1820 879 1869 et
910 1818 1148 1870 immoto.
1196 1821 1324 1871 tunc
1352 1819 1582 1870 solemus
1614 1821 1813 1885 notare,

126 1891 572 1960 quemadmodum
626 1893 755 1943 luna
809 1892 908 1943 soli
965 1910 1018 1944 se
1067 1895 1304 1960 opponat
1349 1895 1402 1944 et
1455 1893 1607 1944 illum
1662 1895 1811 1944 tanto

124 1966 378 2018 maiorem
432 1965 670 2019 subiecto
724 1984 944 2034 corpore
985 1966 1295 2034 abscondat,
1345 1966 1504 2018 modo
1545 1984 1610 2018 ex
1648 1969 1811 2035 parte,

125 2040 169 2092 si
201 2041 275 2092 ita
301 2042 571 2108 competit,
602 2043 663 2092 ut
694 2041 751 2091 in
780 2041 920 2092 latus
946 2040 1057 2092 eius
1090 2040 1395 2108 incurreret,
1423 2041 1582 2092 modo
1614 2043 1811 2110 totum3
1836 2060 1878 2093 25

122 2114 253 2168 haec
309 2114 503 2168 dicitur
563 2115 798 2183 perfecta
853 2114 1078 2167 defectio
1088 2156 1102 2181 ,
1165 2132 1299 2182 quae
1364 2114 1542 2167 stellas
1600 2132 1810 2183 quoque

242 2258 265 2295 7
285 2267 346 2309 sq.
375 2254 501 2311 Very.
539 2253 697 2310 Geory.
729 2256 775 2307 2,
800 2256 860 2297 95
876 2267 937 2308 sq.

238 2384 266 2422 2
296 2378 687 2437 magnitudinem]
720 2379 974 2447 imaginem
1003 2383 1074 2422 ΕΙ
1081 2379 1137 2421 ²1·
1173 2381 1178 2435 Ι
1214 2379 1332 2437 01118]
1365 2393 1447 2424 om.
1474 2382 1514 2422 Δ
1546 2381 1560 2436 ΙΙ
1593 2383 1618 2421 3
1652 2379 1719 2437 et]
1752 2391 1806 2421 ac

119 2441 257 2482 ΔΕΗ
310 2440 323 2495 ΙΙ
376 2444 401 2481 7
434 2438 641 2506 nomine]
682 2439 885 2482 carmine
925 2439 1052 2496 Very
1107 2440 1121 2495 ΙΙ
1177 2444 1201 2481 8
1235 2438 1364 2482 001118
1396 2439 1518 2496 ΛΦ]
1562 2437 1687 2481 tellis
1720 2440 1759 2480 Δ
1792 2440 1806 2494 ΙΙ

119 2502 171 2540 10
203 2497 373 2556 spissa]
404 2497 534 2554 pissa
565 2500 600 2542 λ
653 2499 667 2554 ΙΙ
720 2502 766 2539 11
797 2498 993 2556 speculi]
1025 2499 1129 2552 fort.
1164 2500 1269 2543 add.
1303 2497 1504 2541 formata
1539 2497 1615 2541 Ge.
1664 2499 1670 2553 Ι
1714 2497 1803 2540 def.

119 2558 214 2615 ET]
261 2557 498 2600 diffiniunt
527 2571 696 2613 semper
725 2564 769 2602 to
771 2559 843 2602 ad
892 2560 905 2615 ΙΙ
951 2562 1001 2601 13
1033 2558 1197 2613 relinq.
1230 2557 1415 2615 longius
1447 2557 1543 2601 coll.
1578 2558 1615 2600 δ
1651 2559 1655 2613 Ι
1693 2555 1803 2613 fuit]

119 2616 262 2659 fuerit
292 2621 370 2659 Eo
405 2618 410 2672 Ι
447 2616 686 2674 apparuit]
720 2617 888 2660 —ruerit
919 2618 994 2660 λΤ
1034 2618 1047 2673 ΙΙ
1085 2621 1137 2659 14
1168 2618 1300 2675 num]
1331 2629 1440 2659 nam
1471 2618 1505 2659 λ
1536 2617 1550 2672 ΙΙ
1581 2620 1630 2658 15
1662 2615 1804 2672 uidit]

118 2676 251 2719 uidet
281 2680 354 2719 Αε
401 2675 574 2719 uiderit
604 2679 677 2718 Bc
725 2677 730 2731 Ι
782 2678 899 2734 tam]
938 2679 1097 2720 tamen
1128 2678 1166 2720 δ
1219 2678 1232 2733 ΙΙ
1286 2681 1336 2719 16
1369 2688 1509 2730 quam
1540 2702 1594 2706 —
1628 2676 1804 2732 potest]

117 2737 275 2792 potest
305 2748 446 2790 quam
475 2749 559 2778 nos
590 2735 803 2779 uidemus
828 2739 868 2779 Δ
901 2738 915 2793 ΙΙ
947 2741 995 2779 17
1029 2736 1216 2793 reddat]
1248 2735 1404 2779 reddit
1428 2737 1468 2778 Δ
1500 2735 1514 2790 ΙΙ
1545 2738 1602 2777 23
1636 2747 1683 2777 80
1717 2733 1804 2776 8011

118 2795 214 2839 coll
241 2796 348 2851 Δ(ε)
393 2796 397 2850 Ι
442 2795 508 2852 et]
539 2796 594 2837 ut
624 2797 663 2837 Δ
708 2797 712 2851 Ι
757 2794 892 2838 11111111
923 2796 1075 2864 tanto]
1108 2795 1191 2838 1110
1222 2796 1406 2838 tantum
1437 2795 1472 2837 λ
1525 2794 1539 2849 ΙΙ
1593 2798 1648 2835 25
1683 2806 1803 2836 com-

117 2854 256 2911 petit]
289 2855 346 2908 cf.
379 2867 443 2909 ep.
480 2857 552 2907 75,
577 2858 605 2898 6
634 2855 676 2898 si
707 2856 774 2897 ita
805 2856 1025 2910 competit,
1056 2858 1141 2898 ut.
1170 2890 1177 2897 .
1208 2890 1215 2897 .
1252 2853 1449 2910 contigit
1480 2855 1519 2896 Δ
1573 2855 1577 2909 Ι
1612 2853 1683 2910 ut]
1717 2866 1801 2896 om.

117 2914 152 2956 λ
187 2915 192 2969 Ι
228 2914 277 2956 111
308 2913 432 2956 latus
466 2912 583 2971 01118]
615 2913 739 2957 latus
772 2916 812 2956 A
