1988 3138
0 1570 1 1603 i

0 1622 2 1646 ι

0 2124 3 2160 Ι

469 93 698 139 NATUR.
733 92 984 147 QUAEST.
1018 93 1128 137 LIB.
1161 92 1239 137 VI.
1274 97 1462 137 26-27.
1716 91 1828 146 227

121 217 359 287 Cyprum
392 217 561 270 ambit
591 217 760 268 altum
795 233 941 268 mare
973 218 1026 268 et
1057 216 1238 286 agitat,
1270 213 1441 284 Tyros
1474 218 1526 267 et
1565 215 1682 284 ipsa
1712 218 1828 268 tam·
1916 210 1922 213 ’

120 296 367 345 movetur
405 309 565 359 quam
608 291 842 343 diluitur.

238 365 351 419 Hae
399 365 511 418 fere
564 383 753 417 causae
802 363 1114 432 redduntur,
1168 367 1389 433 propter
1444 382 1576 432 quas
1629 367 1825 417 tremat

118 446 275 493 terra.
352 439 421 491 27
491 439 752 509 quaedam
801 443 982 492 tamen
1029 439 1248 507 propria
1294 438 1351 490 in
1397 439 1502 491 hoc
1551 437 1823 507 Campano
1859 455 1886 492 1'

74 538 95 570 5
121 519 273 568 motu
320 514 575 567 accidisse
621 518 920 581 narrantur,
961 531 1190 581 quorum
1236 513 1374 565 ratio
1414 513 1682 566 reddenda
1730 517 1822 566 est.

228 588 486 642 Dabimus
517 591 886 641 sexcentarum
914 588 1094 639 ovium
1129 605 1346 658 gregem
1373 588 1735 640 exanimatum
1768 588 1826 640 in

118 663 445 731 Pompeiana
483 662 716 733 regione.
792 680 904 715 non
942 666 1045 730 est,
1085 680 1248 730 quare
1294 661 1399 715 hoc
1437 666 1594 731 putes
1635 663 1823 716 ovibus

117 738 225 790 illis
271 738 464 790 timore
503 737 771 790 accidisse.
850 738 1003 789 aizmt
1048 738 1187 789 enim
1228 737 1397 789 solere
1435 740 1560 806 post
1599 755 1824 808 magnos
1857 754 1886 792 2

116 816 379 864 terrarum
427 815 606 864 motus
654 812 1016 880 pestilentiam
1064 811 1204 879 fieri,
1242 829 1342 863 nec
1381 811 1438 863 id
1484 812 1681 864 mirum
1730 816 1823 865 est.

51 912 95 944 ιο
118 887 291 938 multa
330 887 471 938 enim
513 885 790 939 mortifera
830 886 888 938 in
926 887 1036 938 alto
1075 885 1267 938 latent:
1308 890 1398 938 aer
1436 886 1567 954 ipse,
1608 887 1701 955 qui
1739 888 1828 939 vel

116 964 378 1013 terrarum
422 961 579 1029 culpa
617 961 703 1013 vel
750 960 970 1032 pigritia
1009 963 1062 1013 et
1101 963 1315 1012 aeterna
1354 964 1514 1014 nocte
1551 961 1829 1030 torpescit,

17 1100 23 1109 ι
118 1036 295 1106 gravis
320 1035 692 1088 haurientibus
718 1039 814 1103 est,
837 1036 924 1088 vel
950 1039 1232 1103 corruptus
1252 1035 1590 1088 ‘internorum
1615 1035 1823 1107 ignium

117 1110 266 1177 vitio,
300 1127 421 1162 cum
455 1128 483 1162 e
513 1110 679 1181 longo
715 1110 821 1163 situ
855 1110 1080 1163 emissus
1114 1113 1209 1179 est,
1249 1129 1444 1178 purum
1484 1110 1629 1163 hunc
1667 1111 1824 1179 liqui-

118 1183 353 1253 dumque
408 1185 644 1238 maculat
698 1203 760 1238 ac
813 1185 1010 1254 poHuit
1071 1185 1451 1253 insuetumque
1506 1185 1822 1238 ducentibus

50 1283 93 1315 ¹5
120 1260 368 1327 spiritum
426 1259 579 1312 affert
633 1277 772 1312 nova
828 1277 1022 1330 genera
1073 1259 1398 1323 morborum.
1479 1260 1631 1328 quid,
1679 1260 1823 1328 quod
1857 1275 1881 1313 3

118 1351 287 1402 aquae
327 1351 542 1402 quoque
589 1334 807 1387 inutiles
848 1334 1267 1403 pestilentesque
1314 1335 1371 1387 in
1410 1334 1592 1387 abdito
1639 1335 1824 1403 latent,

118 1412 178 1460 ut
217 1426 349 1477 quas
389 1426 684 1477 numquam
724 1427 854 1461 usus
896 1411 1153 1477 exerceat,
1190 1427 1487 1477 numquam
1529 1428 1656 1461 aura
1694 1410 1823 1462 libe-

15 1503 20 1515 ·
118 1483 229 1535 rior
267 1482 576 1536 everberet‘?
617 1501 825 1536 crassae
865 1484 1048 1552 itaque
1088 1486 1141 1535 et
1180 1484 1331 1554 gravi
1368 1484 1598 1555 caligine
1630 1485 1823 1553 sempi-

116 1561 375 1626 ternaque
413 1561 587 1611 tectae
626 1557 762 1610 nihil
801 1559 906 1611 nisi
945 1557 1259 1627 pestiferum
1302 1559 1359 1610 in
1399 1577 1455 1611 se
1496 1562 1548 1611 et
1589 1559 1823 1628 corpori-

0 1653 1 1699 }
50 1655 94 1688 20
117 1631 217 1685 bus
264 1633 463 1685 nostris
512 1634 838 1686 contrarium
878 1633 1092 1686 habent.
1162 1637 1250 1685 aer
1290 1651 1518 1702 quoque,
1558 1634 1652 1702 qui
1690 1635 1823 1686 mix-

116 1710 205 1759 tus
238 1710 318 1759 est
349 1707 458 1759 illis
491 1707 692 1776 quique
723 1708 864 1760 inter
895 1708 1014 1760 illas
1054 1707 1276 1778 paludes
1317 1708 1470 1776 iacet,
1504 1726 1626 1761 cum
1660 1726 1822 1761 emer-

116 1781 202 1848 sit,
239 1782 347 1834 late
378 1782 570 1834 vitium
613 1800 769 1834 suum
803 1783 1008 1853 spargit
1041 1786 1094 1835 et
1124 1782 1431 1835 haurientes
1463 1786 1633 1835 necat.
1696 1783 1823 1836 faci-
1854 1812 1882 1851 4

114 1855 219 1908 lius
259 1860 438 1909 autem
478 1874 673 1925 pecora
713 1858 966 1926 sentiunt,
1007 1858 1062 1909 in
1102 1875 1238 1926 quae
1276 1857 1611 1927 pestilentior
1650 1858 1821 1910 incur-

114 1948 230 1983 rere
278 1931 438 1999 solet,
478 1949 585 2000 quo
626 1931 866 1984 avidiora
914 1936 1060 1984 sunt:
1109 1935 1293 2001 aperto
1335 1933 1481 1985 caelo
1526 1932 1819 2002 plurimum

46 2027 91 2061 ιο
116 2009 342 2058 utuntur
379 2009 433 2059 et
472 2006 645 2075 aquis,
681 2025 905 2075 quarum
947 2007 1182 2059 maxima
1221 2006 1278 2059 in
1317 2007 1624 2075 pestilentia
1665 2006 1822 2076 culpa

117 2084 210 2132 est.
286 2098 412 2133 oves
452 2098 578 2133 vero
619 2081 883 2134 mollioris
923 2085 1169 2150 naturae,
1207 2099 1314 2149 quo
1363 2082 1617 2151 propiora
1664 2083 1819 2135 terris

114 2154 295 2207 ferunt
335 2155 534 2224 capita,
583 2160 854 2225 correptas
895 2174 1009 2209 esse
1056 2174 1166 2209 non
1213 2156 1395 2223 miror,
1443 2174 1562 2209 cum
1605 2156 1819 2209 afflatus

116 2229 251 2282 aeris
302 2228 404 2282 diri
455 2230 596 2283 circa
645 2230 817 2300 ipsam
871 2229 1095 2283 humum
1149 2231 1467 2300 exceperint.
1549 2231 1821 2285 nocuisset

116 2302 207 2356 ille
246 2308 299 2357 et
339 2305 670 2373 hominibus,
718 2305 762 2357 si
810 2305 982 2358 maior
1028 2306 1246 2374 exisset3
1295 2305 1386 2358 sed
1434 2304 1586 2358 illum
1630 2307 1821 2360 sinceri

233 2439 255 2478 1
279 2434 502 2495 Cyprum]
529 2436 685 2493 ciprus
711 2437 791 2481 61³
820 2439 826 2493 1
853 2436 1008 2494 agitat
1035 2436 1135 2495 Ge]
1162 2436 1374 2493 agitatur
1396 2438 1411 2494 ΙΙ
1435 2441 1463 2481 2
1488 2435 1591 2496 dil]
1625 2437 1821 2482 alluitur

116 2492 303 2540 Skuuoeh
325 2502 341 2549 u
364 2500 391 2539 4
408 2496 619 2555 propria]
645 2495 834 2554 proprie
851 2497 889 2541 ό
906 2498 963 2552 118
981 2496 1186 2540 diximus
1202 2510 1261 2541 sc.
1282 2500 1361 2551 1‚3
1378 2497 1479 2556 Ge]
1505 2496 1640 2541 aiunt
1663 2497 1818 2553 enimn

116 2558 142 2597 7
168 2553 354 2614 ouibus]
379 2555 550 2612 quibus
574 2557 608 2600 λ
633 2559 647 2611 ΙΙ
673 2560 698 2599 8
724 2555 858 2600 aiunt
882 2556 1004 2600 enim
1035 2555 1113 2601 Ge.
1162 2555 1365 2601 diximus
1427 2557 1752 2660 magnoskom.
1778 2564 1821 2602 et

117 2616 269 2658 motus
292 2617 414 2660 terre
430 2616 527 2660 coll.
546 2617 584 2660 d
601 2618 615 2672 ΙΙ
631 2620 676 2659 11
702 2618 837 2660 nocte
862 2618 1023 2660 eterna
1038 2617 1108 2660 col
1129 2651 1136 2660 .
1205 2617 1220 2672 ΙΙ
1235 2620 1287 2660 12
1305 2618 1378 2661 est
1422 2617 1506 2661 del.
1528 2617 1608 2662 Ge.
1675 2618 1783 2662 ossb.
1805 2619 1819 2674 ΙΙ

117 2676 168 2716 18
193 2686 297 2718 eum
323 2687 349 2719 e
373 2675 468 2734 λρ]
495 2690 599 2719 cum
626 2675 821 2720 όἪΟΡι
845 2678 860 2732 ΙΙ
884 2680 935 2719 16
960 2675 1162 2732 pestilen
1187 2690 1328 2732 esque
1375 2678 1517 2732 atque
1543 2676 1816 2733 pestilentes

116 2733 155 2777 ό
176 2737 193 2789 η
215 2737 264 2777 17
281 2747 349 2778 us.
368 2747 436 2779 ex.
454 2735 728 2793 numquam]
755 2750 838 2780 om.
858 2736 923 2793 δΙ
950 2734 1029 2779 lib.
1049 2748 1164 2780 aura
1186 2735 1283 2780 coll.
1364 2738 1379 2793 ΙΙ
1403 2740 1454 2779 19
1479 2736 1526 2779 111
1553 2736 1621 2794 se]
1647 2750 1731 2780 om.
1750 2738 1787 2781 ό·
1804 2739 1817 2793 ΙΙ

117 2796 168 2835 21
207 2791 382 2851 quique
440 2794 521 2850 qui
562 2797 611 2839 et
641 2809 674 2853 ρ
710 2798 717 2851 Ι
752 2794 943 2840 emersit
1009 2795 1250 2839 emerserit
1281 2811 1314 2854 ρ
1356 2798 1370 2851 ΙΙ
1418 2798 1475 2838 28
1522 2794 1818 2852 pestilentior

117 2856 195 2905 (ec.
228 2856 326 2907 αέν)
380 2855 461 2913 iel
495 2853 768 2911 pestilentia
799 2856 814 2911 fl
846 2858 902 2898 87
956 2856 1112 2913 erunt]
1145 2869 1227 2898 oni.
1254 2855 1292 2899 δ
1328 2858 1334 2911 Ι
1371 2857 1611 2911 correptas
1643 2856 1814 2915 6111’1]

117 2916 359 2969 corruptas
382 2910 505 2973 Βλρ
528 2917 543 2970 ΙΙ
572 2918 630 2958 88
663 2913 807 2972 circa]
841 2927 924 2958 om.
950 2915 988 2958 δ
1013 2915 1027 2970 ΙΙ
1058 2919 1116 2958 2⁹
1148 2914 1249 2973 ille]
1282 2920 1388 2959 ante
1413 2913 1451 2958 si
1478 2916 1515 2958 ό·
1543 2915 1548 2971 Ι
1578 2914 1680 2973 sed]
1716 2915 1754 2958 si
1781 2917 1815 2960 λ

1459 2989 1541 3031 15⁸¹
