1988 3138
157 92 307 138 XVIII
825 90 1168 135 PRAEFATIO

165 218 401 267 adhibitis
435 232 580 279 saepe
612 217 759 265 facile
793 218 843 264 et
872 217 1086 264 feliciter
1117 219 1299 280 corrigi
1330 233 1471 279 posse
1502 222 1664 280 patet:
1697 217 1857 274 Quae-

165 293 348 342 stiones
388 308 445 340 ex
483 292 648 339 Aetna
686 293 770 339 vix
810 292 1163 339 correctionem
1201 292 1461 354 recipiunt.

275 365 325 414 O.
359 366 595 414 Plinius
650 364 902 413 Secundus
953 365 1016 412 ad
1064 364 1343 413 Historiam
1387 366 1436 414 N
1440 367 1682 414 aturalem
1728 382 1857 414 com-

163 440 442 503 pilandam,
482 456 632 501 quam
680 455 721 487 a.
767 441 832 486 77
875 439 990 486 Tito
1046 439 1335 501 imperatori
1389 440 1527 488 misit
1571 441 1858 502 perfectam,

165 531 357 576 semper
394 515 496 561 fere
537 514 661 561 alios
703 513 932 561 adhibuit
970 516 1197 561 auctores
1235 529 1325 562 nec
1354 514 1470 562 Nat.
1505 513 1860 570 Quaestionum

162 589 547 636 Annaeanarum
589 589 830 649 expressis
862 587 1027 635 verbis
1065 589 1307 649 meminit,
1346 590 1515 636 tamen
1554 590 1607 635 in
1645 588 1774 636 libro
1805 588 1859 636 H

164 662 500 724 componendo
555 662 617 710 iis
667 676 784 709 usus
834 655 916 727 (cf.
956 661 1017 709 N.
1051 661 1104 717 Q.
1137 662 1217 709 III
1250 663 1335 722 26,
1357 655 1410 729 7)
1460 662 1862 710 dissertationem

165 738 223 785 de
256 737 471 784 nubibus
505 736 747 784 imbribus
780 737 893 783 nive
924 735 1070 783 initio
1101 736 1217 783 libri
1247 735 1365 784 IVb
1399 753 1426 783 a
1460 735 1645 785 Seneca
1677 736 1863 798 datam,

170 827 296 874 quae
334 813 509 873 postea
547 811 710 872 periit,
750 810 943 859 novisse
984 810 1182 858 videtur
1221 803 1386 877 (Stud.
1417 811 1444 858 I
1478 813 1581 859 104
1600 804 1745 877 sqq.).

279 884 567 933 Cornelium
623 885 895 932 Tacitum
952 883 1165 933 Senecae
1218 886 1524 933 imitatorem
1593 885 1748 934 fuisse
1812 887 1864 932 et

165 962 297 1008 inter
350 962 514 1007 cetera
569 960 721 1007 etiam
775 959 891 1006 Nat.
946 958 1304 1016 Quaestionum
1361 960 1682 1007 sententiolas
1747 974 1862 1008 suas

166 1035 340 1083 fecisse
374 1035 739 1081 Zimmermann
770 1033 1016 1094 probavit.
1073 1034 1342 1096 eademque
1375 1036 1538 1082 aetate
1571 1033 1630 1081 D.
1662 1033 1868 1081 Iunium*

167 1109 513 1157 Iuvenalem
550 1107 824 1155 Annaeana
870 1108 1049 1170 legisse
1082 1106 1137 1155 O.
1164 1107 1398 1170 Ribbeck,
1438 1124 1498 1156 ne
1537 1109 1630 1157 hoc
1664 1108 1863 1170 quidem

170 1199 293 1246 opus
331 1182 720 1244 praetermisisse
761 1198 852 1244 ego
893 1181 1263 1231 observavimus
1304 1177 1468 1243 (Stud.
1499 1182 1526 1229 I
1563 1177 1707 1250 103).

285 1255 335 1304 G.
371 1257 725 1304 Suetonium
772 1256 1121 1318 Tranquillum
1170 1256 1222 1303 id
1273 1257 1555 1306 adhibuisse
1605 1273 1704 1304 non
1752 1271 1865 1304 con-

171 1334 284 1379 stat.
363 1332 600 1395 leguntur
645 1332 700 1377 in
738 1332 844 1378 vita
883 1330 1084 1379 Horatii
1132 1324 1269 1397 (post
1307 1331 1459 1379 verba
1502 1333 1568 1379 ad
1612 1345 1690 1379 res
1728 1345 1867 1379 verie-

170 1409 276 1454 rias
314 1407 712 1465 intemperantior
750 1398 987 1470 traditur)
1022 1421 1147 1466 quae
1185 1406 1536 1467 interpolatori
1568 1405 1735 1453 deberi
1767 1420 1867 1453 cre-

172 1480 419 1528 debantur
449 1480 591 1527 haec:
622 1495 741 1526 iiam
770 1481 968 1539 specula
998 1475 1161 1543 <t0>t0
1194 1480 1410 1528 cubi-culo
1440 1483 1658 1527 scortans
1690 1480 1869 1527 dicitur

171 1556 398 1603 habuisse
430 1555 680 1614 disposita,
711 1557 766 1600 ut
796 1568 1091 1614 quocumque
1121 1556 1406 1613 respexisset
1426 1555 1496 1603 ibi
1520 1556 1563 1602 ei
1586 1556 1744 1616 imaqo
1777 1556 1869 1602 coi-

175 1633 252 1676 tus
290 1629 565 1688 referretur.
628 1628 755 1676 hanc
795 1627 1016 1675 fabulam
1057 1628 1318 1676 obscenam
1359 1629 1417 1675 de
1456 1627 1635 1677 Hostio
1669 1628 1871 1686 Quadra

173 1704 235 1753 N.
278 1703 473 1760 Quaest.
516 1702 542 1749 I
576 1703 641 1750 16
699 1703 894 1750 narrari
949 1704 998 1750 et
1052 1702 1167 1750 inde
1221 1703 1272 1749 in
1327 1703 1485 1751 vitam
1538 1702 1870 1750 Horatianam

174 1777 471 1825 translatam
512 1792 615 1824 esse
656 1774 711 1824 G.
737 1776 793 1823 E.
818 1775 1026 1840 Lessing
1073 1777 1367 1825 observavit.
1447 1779 1621 1825 contra
1658 1778 1711 1824 in
1750 1776 1869 1824 Pra-

175 1855 342 1900 torum
392 1851 520 1898 libro
559 1850 630 1897 IX
680 1852 843 1912 ipsum
887 1850 1177 1899 Suetonium
1227 1851 1284 1899 de
1333 1852 1526 1900 naturis
1571 1867 1736 1899 rerum
1787 1846 1870 1917 (fr.

182 1927 473 1974 124—160
504 1918 587 1989 R.)
638 1940 838 1986 prorsus
894 1925 1040 1973 aliter
1090 1928 1238 1987 atque
1292 1925 1528 1974 Senecam
1582 1925 1871 1973 disseruisse

177 2003 340 2063 patet,
378 2016 498 2047 num
536 1999 724 2061 placita
756 1999 999 2060 quaedam
1039 1999 1099 2047 ab
1140 2016 1196 2048 eo
1236 2002 1435 2061 sumpta
1474 1999 1735 2059 addiderit,
1772 2015 1874 2047 non

178 2076 351 2136 liquet,
392 2075 630 2135 quoniam
676 2089 775 2121 non
814 2073 965 2120 verba
1007 2073 1232 2121 Suetonii
1270 2070 1380 2136 ipsa
1421 2075 1504 2122 sed
1542 2074 1725 2122 Isidori
1763 2076 1872 2122 tan-

179 2152 288 2197 tum
327 2148 635 2209 aliorumque
675 2149 904 2208 excerpta
944 2147 1005 2195 ad
1044 2164 1132 2196 nos
1172 2151 1426 2196 venerunt.
1490 2165 1547 2196 ex
1585 2149 1662 2196 his
1701 2150 1874 2210 impri-

180 2225 275 2271 mis
314 2223 372 2270 fr.
410 2223 698 2270 154—156
742 2224 792 2269 et
826 2223 931 2269 160
964 2237 1074 2270 cum
1114 2222 1240 2270 libro
1271 2222 1344 2269 IV
1364 2240 1405 2284 a,
1450 2225 1551 2271 159
1587 2238 1699 2270 cum
1729 2222 1873 2269 LVI.

181 2298 468 2345 Annaeanis
520 2298 820 2358 conspirant,
871 2299 1022 2357 atque
1071 2299 1124 2344 in
1174 2298 1455 2361 fragmento
1496 2297 1555 2345 de
1595 2297 1760 2345 etesiis
1799 2298 1876 2344 in-

185 2373 424 2419 crementi
452 2371 641 2418 Niliaci
678 2385 827 2418 causa
866 2371 1144 2432 conscripto
1186 2366 1342 2437 (156)
1374 2371 1525 2419 verba
1563 2372 1738 2431 quibus
1768 2385 1878 2419 cort-

180 2448 326 2506 yestis
349 2446 499 2493 Nilus
521 2447 576 2493 iii
599 2442 872 2506 Aeyyptum
902 2447 1111 2505 erumpit
1141 2445 1263 2494 adeo
1296 2461 1407 2493 cum
1429 2446 1491 2495 N.
1511 2444 1563 2501 Q.
1588 2445 1704 2492 IVa
1731 2447 1778 2506 2,
1805 2446 1874 2492 22

186 2524 229 2568 et
265 2534 565 2580 quacumque
613 2533 724 2566 mox
763 2520 925 2578 potuit
960 2521 1258 2567 inconcestus
1275 2518 1307 2580 †
1346 2522 1554 2580 erumpit
1599 2520 1878 2579 concinunt,

185 2597 243 2641 ut
287 2594 402 2641 inde
451 2593 664 2641 Senecae
709 2595 873 2640 textus
922 2593 1172 2640 emendari
1217 2595 1396 2655 possit:
1450 2594 1532 2642 hic
1577 2595 1709 2641 enim
1755 2594 1876 2654 quin

187 2670 236 2716 vi-
275 2671 524 2729 conyestus
564 2668 830 2729 scripserit,
870 2683 999 2715 nunc
1037 2683 1133 2714 non
1176 2667 1364 2715 dubito.
1443 2670 1608 2729 atque·
1632 2668 1694 2715 ad
1733 2665 1764 2728 ξ
1807 2668 1878 2715 26

187 2745 449 2804 tamquam
479 2741 817 2799 testimonium
851 2741 1179 2804 fragmentum
1218 2743 1323 2790 160
1351 2743 1546 2802 physici
1575 2742 1755 2798 dicunt,
1785 2755 1880 2801 quo

189 2820 394 2876 tempore
431 2817 614 2875 hiemps
660 2816 755 2871 laic,
796 2818 1023 2863 aestatem
1059 2817 1149 2863 sub
1189 2818 1329 2864 terris
1369 2819 1412 2864 et
1445 2817 1547 2864 vice
1583 2830 1750 2867 versa:
1797 2813 1882 2876 [ut

191 2890 450 2938 Lucretius
488 2887 719 2951 ostendit]
755 2890 1000 2949 putealem
1040 2905 1219 2949 aquam
1265 2893 1442 2937 aestate
1489 2891 1878 2950 frigidissimam,
