1988 3138
531 90 760 137 NATUR.
798 90 1051 146 QUAEST.
1079 91 1194 139 ΗΒ.
1225 92 1282 138 V.
1317 97 1386 137 13.
1420 98 1491 140 14.
1758 93 1864 147 183

162 214 347 267 multis
416 214 660 283 partibus
723 231 853 268 cava
921 218 976 267 et
1036 214 1226 268 ‘caecis
1297 233 1554 284 suspensa
1622 215 1860 268 latebris'

160 294 187 339 (
196 289 363 341 aliubi
402 289 561 357 aquis
598 289 810 357 plena),
849 289 1017 342 aliubi
1066 288 1230 342 habet
1279 290 1459 342 inania
1510 290 1624 343 sine
1661 308 1860 343 umore.

161 363 238 415 ibi
277 363 487 416 etiamsi
532 364 683 415 nulla
727 364 823 415 lux
863 363 1147 416 discrimen
1187 364 1322 415 aeris
1360 367 1647 432 monstrat,
1688 364 1861 417 dicam
1894 379 1919 417 2

160 441 341 490 tamen
389 438 559 491 nubes
608 437 943 506 nebulasque
990 438 1046 489 in
1086 438 1313 491 obscuro
1355 439 1658 492 consistere.
1735 458 1860 492 nam

115 532 135 564 5
161 531 229 565 ne
266 510 398 565 haec
438 511 654 580 quidem
695 530 857 580 supra
895 515 1078 580 terras,
1119 513 1247 580 quia
1284 512 1548 580 videntur,
1589 516 1727 581 sunt,
1767 513 1860 567 sed

161 586 289 654 quia
334 590 481 654 sunt,
518 585 787 639 videntur:
835 587 949 638 illic
997 604 1215 655 quoque
1261 586 1434 639 nihilo
1473 588 1652 640 minus
1693 588 1761 640 ob
1804 588 1859 641 id

158 664 296 727 sunt,
322 660 468 729 quod
497 678 606 713 nou
628 660 891 728 videntur,
922 660 1159 730 flumina,
1191 662 1304 714 illic
1335 662 1471 714 scias
1503 663 1630 715 licet
1660 663 1858 716 nostris

156 735 306 804 paria
355 735 587 803 sublabi,
638 735 743 787 alia
790 735 984 788 leniter
1033 735 1212 805 ducta,
1264 736 1369 788 alia
1418 737 1475 788 in
1526 737 1857 807 confragosis

156 810 289 880 lqcis
342 809 744 879 praecipitando
801 810 1068 863 sonantia:
1124 810 1256 879 quid
1311 810 1475 881 ergo?
1558 829 1669 864 non
1722 811 1858 864 illud

90 903 134 936 ιο
156 902 327 952 aeque
366 883 539 951 dabis,
586 903 700 937 esse
747 885 959 952 aliquos
1000 888 1054 938 et
1093 885 1191 938 sub
1241 888 1382 938 terra
1418 886 1566 938 lacus
1607 889 1661 938 et
1701 904 1856 955 quas-

155 957 275 1010 dam
316 975 484 1026 aquas
524 959 637 1012 sine
677 959 823 1011 exitu
864 959 1147 1030 stagnare?
1211 978 1348 1028 quae
1389 960 1435 1012 si
1474 961 1549 1012 ita
1589 964 1729 1029 sunt,
1767 980 1855 1014 ne·
1889 977 1913 1014 3

154 1049 299 1086 cesse
338 1036 420 1085 est
458 1036 512 1086 et
543 1033 691 1100 illud,
732 1038 852 1086 aera
884 1035 1093 1087 onerari
1126 1038 1514 1103 oneratumque
1546 1035 1855 1090 incumbere

153 1110 207 1160 et
255 1110 474 1160 ventum
524 1109 787 1177 propulsu
839 1127 935 1161 suo
988 1109 1270 1162 concitare.
1348 1112 1402 1162 et
1451 1128 1517 1162 ex
1567 1110 1674 1162 illis
1727 1129 1854 1181 ergo

153 1182 509 1235 subterraneis
533 1183 767 1235 nubibus
793 1184 1020 1235 sciemus
1051 1184 1245 1236 nutriri
1268 1184 1408 1237 inter
1432 1184 1658 1237 obscura
1681 1184 1854 1254 flatus,

86 1274 129 1308 15
154 1273 275 1309 cum
332 1260 541 1309 tantum
597 1258 790 1309 virium
842 1258 1090 1326 fecerint,
1142 1261 1344 1326 quanto
1397 1261 1490 1311 aut
1539 1262 1710 1312 terrae
1762 1261 1854 1313 ob-

152 1331 401 1383 stantiam
442 1332 686 1385 auferant
723 1335 816 1384 aut
853 1332 1076 1400 aliquod
1115 1336 1358 1402 apertum
1398 1332 1466 1385 ad
1502 1332 1602 1386 hos
1642 1334 1852 1387 efflatus

152 1406 253 1459 iter
291 1411 556 1475 occupent
605 1410 659 1460 et
707 1425 804 1475 per
851 1405 991 1460 hanc
1030 1425 1309 1461 cavernam
1348 1409 1406 1460 in
1442 1411 1651 1460 nostras
1703 1409 1851 1462 sedes

150 1480 450 1534 efferantur.
530 1481 664 1534 illud
709 1499 835 1534 vero
887 1482 1230 1536 manifestum
1282 1486 1384 1550 est,
1435 1501 1685 1553 magnam
1737 1503 1851 1537 esse
1883 1497 1911 1537 4

0 1603 1 1614 ,
150 1555 249 1608 sub
290 1556 444 1608 terris
483 1557 591 1608 vim
634 1555 906 1625 sulphuris
946 1560 999 1610 et
1038 1558 1265 1610 aliorum
1304 1575 1415 1610 non
1453 1557 1630 1610 minus
1671 1557 1849 1628 ignem

0 1648 1 1680 3
80 1647 128 1681 ω
149 1630 430 1683 alentium:
480 1649 578 1699 per
614 1629 747 1684 haec
784 1631 904 1684 loca
943 1649 1065 1684 cum
1106 1651 1162 1684 se
1201 1632 1403 1684 exitum
1447 1650 1706 1700 quaerens
1747 1634 1851 1702 spi·

147 1705 283 1757 ritus
337 1706 517 1773 torsit,
568 1705 823 1758 accendat
874 1706 1146 1758 flammam
1202 1707 1319 1775 ipso
1372 1707 1586 1773 affrictu
1635 1725 1851 1761 necesse

147 1782 251 1847 est,
298 1778 487 1834 deinde
526 1779 756 1833 flammis
795 1781 956 1833 latius
1008 1781 1165 1848 fusis,
1204 1781 1365 1834 etiam
1414 1781 1459 1833 si
1501 1780 1631 1849 quid
1670 1782 1850 1852 ignavi

148 1854 284 1907 acris
334 1858 469 1922 erat,
519 1857 863 1908 extenuatum
917 1855 1120 1908 moveri
1171 1859 1224 1908 et
1262 1856 1401 1908 viam
1457 1873 1579 1908 cum
1630 1856 1848 1910 fremitu

267 2005 289 2044 1
324 2000 401 2046 On.
438 2002 550 2046 Met.
583 2002 619 2046 I
643 2005 740 2046 388
777 2003 792 2058 ΙΙ
830 2006 858 2045 9
889 2003 946 2057 cf.
982 2003 1158 2046 Aetnae
1189 2016 1227 2046 v.
1260 2004 1356 2046 292
1395 2002 1646 2059 praecipiti
1676 2003 1847 2048 deiecta

144 2074 257 2105 sono
280 2063 369 2117 1119
400 2062 459 2117 cf.
492 2063 669 2106 Aetnae
699 2076 739 2106 v.
773 2065 867 2105 387
898 2076 1015 2118 quae
1044 2062 1255 2117 flammas
1286 2062 1506 2106 alimenta
1536 2068 1704 2116 vocent,
1735 2063 1849 2119 quid

147 2122 327 2165 vautriat
350 2122 563 2165 Aetnam.
620 2124 712 2165 390
727 2135 818 2178 sqq.
853 2123 1009 2165 uritur
1031 2122 1215 2165 assidue
1245 2122 1426 2165 calidus
1456 2136 1582 2166 nunc
1612 2122 1848 2178 sulphuris

146 2194 280 2225 umor
335 2215 343 2223 .
387 2215 395 2223 .
440 2216 449 2224 .
505 2185 546 2225 et
599 2181 828 2238 quidquid
880 2181 1132 2225 comminus
1185 2181 1307 2224 acris
1359 2181 1517 2225 irritat
1569 2182 1780 2237 slavnmas
1832 2185 1846 2239 ΙΙ

147 2243 318 2283 21—28
349 2241 407 2296 cs.
434 2242 609 2286 Aetnae
639 2255 677 2284 υ.
705 2244 794 2284 324
819 2241 1066 2284 adstrictus
1098 2241 1152 2295 (l.
1187 2241 1435 2295 adst-ictus)
1468 2242 1712 2286 certamine
1745 2247 1847 2286 tan-

145 2300 275 2358 gitur
305 2300 362 2355 (1.
388 2300 611 2355 tenditur)
646 2301 737 2344 ictu
767 2301 973 2356 spiritus.
1032 2303 1118 2344 115
1143 2305 1276 2356 atque
1307 2300 1408 2358 iyni
1437 2301 1644 2357 quaesita
1676 2302 1754 2346 via
1785 2309 1848 2347 est

265 2437 288 2476 1
320 2434 369 2478 01
419 2436 492 2478 est
515 2433 740 2478 Schultess
766 2437 772 2489 Ι
807 2447 1034 2491 suspensa
1059 2434 1160 2478 Sen.
1193 2434 1320 2478 codd.
1354 2440 1396 2479 et
1421 2435 1614 2492 Aetnae]
1648 2434 1845 2480 obscura

150 2490 229 2535 01⁷.
253 2494 322 2546 18
352 2505 381 2537 8
403 2527 412 2536 .
445 2493 582 2550 aquis
613 2492 755 2550 plena
781 2494 939 2538 Haase
971 2494 1077 2538 add.
1108 2496 1113 2549 Ι
1149 2492 1298 2537 aliubi
1322 2493 1487 2553 39¹2]
1521 2493 1697 2539 alicubi
1721 2497 1843 2554 Ελρ

150 2549 302 2596 alind
323 2554 338 2608 Ι
363 2556 389 2595 δ
407 2551 523 2597 hacc
541 2569 575 2597 s.
596 2556 649 2611 1.]
675 2554 732 2597 τὰ
756 2551 874 2607 ὑπὲρ
929 2556 1008 2609 ῆςΙ
1031 2566 1171 2610 supra
1190 2554 1246 2611 d]
1273 2567 1413 2610 super
1433 2556 1498 2607 Φ,
1522 2555 1579 2610 ef.
1600 2555 1690 2598 III
1704 2558 1812 2608 1634
1830 2557 1844 2611 ΙΙ

148 2611 221 2664 ΘΠ
253 2610 302 2654 id
335 2614 445 2656 sunt
484 2613 597 2668 (sint
628 2616 758 2667 01⁵2)
791 2571 936 2671 quoti]
977 2612 1064 2657 hoc
1097 2615 1205 2657 sunt
1237 2613 1350 2668 quia
1382 2614 1420 2657 δ
1450 2614 1466 2670 ΙΙ
1497 2619 1522 2657 7
1557 2613 1677 2658 scias
1710 2613 1822 2658 licet

147 2670 204 2724 cs.
232 2670 324 2715 ΙῙῙ
343 2675 566 2729 11‚6⁸qq.
591 2676 605 2728 ΙΙ
630 2676 681 2715 10
714 2670 865 2730 lacus]
897 2671 1026 2717 lucos
1049 2674 1202 2729 ‹51118
1234 2672 1325 2730 est!
1358 2687 1441 2716 mn.
1476 2674 1623 2717 &1³¹2
1652 2674 1658 2731 ἶ
1687 2672 1819 2723 illud,

148 2726 247 2773 illic
283 2730 339 2775 G.
369 2731 542 2776 Maller
572 2735 586 2788 fl
617 2736 666 2774 15
700 2732 825 2790 cum]
866 2731 978 2775 dum
1012 2733 1170 2776 Haase
1205 2734 1210 2786 Ι
1246 2731 1463 2791 fecerint]
1500 2732 1710 2776 fecerunt
1745 2735 1798 2776 ‹1›
1833 2738 1838 2787 ι

147 2789 346 2849 quanto]
383 2794 612 2846 quantum
645 2792 683 2835 d*
711 2794 716 2846 Ι
745 2790 1055 2850 obstantiam]
1098 2791 1336 2835 obstantia
1368 2796 1440 2835 ΕΒ
1471 2795 1486 2848 ΙΙ
1520 2796 1571 2835 16
1604 2791 1836 2850 auferant]

147 2847 334 2893 auferat
362 2850 402 2894 θ
429 2852 446 2905 Ι
476 2854 529 2894 81
560 2849 746 2894 affricta
774 2850 941 2919 Gran]
973 2852 1169 2896 astrictu
1206 2852 1259 2894 ‹1›
1297 2850 1488 2895 adflictu
1522 2855 1551 2893 Z
1592 2850 1770 2894 afflictu
1804 2855 1840 2894 A

146 2907 313 2952 attritu
346 2911 380 2952 Β
427 2909 654 2955 abstrictu
689 2924 751 2964 og
798 2909 1023 2955 abstncto
1055 2917 1090 2955 Ε
1137 2914 1151 2967 ΙΙ
1198 2913 1255 2954 2³
1297 2911 1418 2969 0181]
1467 2911 1619 2955 fuerat
1651 2911 1840 2956 Skutsch-
