1988 3138
164 127 233 179 70
402 176 422 179 ,⁷
694 126 743 169 L.
776 125 1011 171 ANNAEI
1043 125 1315 169 SENECAE

162 249 285 301 dum
338 248 393 300 in
433 251 598 301 artem
637 248 850 300 redacta
901 251 1045 315 sunt,
1088 247 1347 315 quaedam
1387 265 1511 300 vero
1562 266 1628 300 ne
1677 247 1870 318 redigi·

162 323 378 391 quidem
425 325 651 391 possunt
698 323 764 374 ob
804 322 1031 374 nimium
1070 325 1330 374 remotam
1371 322 1848 389 conversationem3

161 400 394 450 ceterum
425 397 634 448 nullum
666 397 863 448 animal
895 399 987 463 est,
1022 396 1168 464 quod
1204 414 1315 448 non
1353 398 1502 448 motu
1535 399 1587 448 et
1626 414 1848 449 occursu

160 489 255 524 suo
295 471 565 539 praedicat
603 471 830 538 aliquid:
869 489 980 522 non
1010 470 1190 522 omnia
1222 470 1425 522 scilicet
1465 470 1555 522 sed
1589 470 1847 538 quaedam

159 548 423 597 notantur.
502 545 799 614 auspicium
851 545 1178 597 observantis
1230 547 1330 596 est:
1382 544 1447 596 ad
1493 563 1614 597 eum
1666 545 1847 613 itaque
1896 567 1914 597 5

158 620 411 688 pertinet,
453 620 547 688 qui
597 621 654 671 in
693 639 753 672 ea
793 619 986 671 direxit
1035 619 1294 686 animum3
1350 621 1583 671 ceterum
1622 619 1758 671 fiunt
1798 623 1850 672 et

159 695 252 746 illa
293 711 428 762 quae
466 697 703 763 pereunt.
770 694 1009 761 quinque
1050 694 1326 746 stellarum
1363 695 1653 761 potestates
1696 691 1849 745 Chal-

160 768 411 821 daeorum
466 768 765 821 observatio
814 768 1044 836 excepit:
1102 766 1267 835 quid‘?
1322 770 1381 819 tu
1431 769 1513 819 tot
1564 767 1656 819 illa
1702 768 1850 820 milia

159 842 390 895 siderum
441 843 641 895 iudicas
694 843 864 894 otiosa
909 841 1122 895 lucere?
1193 841 1323 909 quid
1363 844 1442 894 est
1479 859 1638 909 porro
1691 842 1848 910 aliud,

161 917 306 985 quod
330 935 559 970 errorem
591 917 884 969 maximum
915 916 1140 969 incutiat
1171 916 1355 984 peritis
1388 916 1661 984 natalium,
1688 934 1849 984 quam
1876 939 1917 970 ιο

161 991 305 1059 quod
343 992 526 1059 paucis
564 1009 662 1043 nos
704 991 963 1044 sideribus
1004 990 1290 1060 assignant,
1325 1008 1445 1042 cum
1478 990 1670 1057 omnia,
1713 1008 1848 1058 quae

159 1084 318 1134 supra
367 1084 464 1118 nos
517 1068 661 1133 sunt,
712 1068 918 1134 partem
965 1065 1135 1117 nostri
1186 1065 1289 1117 sibi
1328 1064 1634 1117 vindicent?
1711 1084 1849 1118 sum-

157 1140 402 1193 missiora
439 1140 665 1192 forsitan
702 1141 923 1208 propius
964 1139 1020 1191 in
1058 1139 1297 1192 nosvim
1338 1157 1487 1191 suam
1521 1138 1758 1209 dirigunt
1797 1143 1850 1192 et

158 1233 239 1283 03,
297 1210 432 1282 quae
485 1215 818 1282 frequentius
873 1217 1019 1266 mota
1073 1214 1226 1266 aliter
1271 1231 1368 1265 nos
1416 1214 1676 1281 aliterque
1730 1232 1849 1282 pro-

159 1289 412 1357 spiciunt:
465 1291 698 1342 ceterum
749 1292 802 1341 et
852 1289 965 1355 illa,
1019 1306 1154 1356 quae
1195 1291 1287 1339 aut
1336 1288 1558 1339 immota
1597 1290 1720 1340 sunt
1759 1292 1850 1340 aut
1875 1309 1916 1342 15

156 1366 376 1432 propter
398 1363 735 1416 velocitatem
760 1364 1006 1415 universo
1033 1381 1214 1430 parem
1241 1362 1475 1414 immotis
1502 1362 1710 1429 similia,
1740 1380 1850 1414 non

158 1440 307 1490 extra
345 1438 426 1490 ius
468 1437 873 1505 dominiumque
912 1437 1081 1489 nostri
1122 1439 1256 1489 sunt.
1338 1436 1482 1488 aliud
1512 1435 1550 1504 †
1581 1437 1758 1505 aspice
1798 1441 1851 1490 et

159 1512 455 1564 distributis
493 1530 606 1564 rem
646 1512 837 1564 officiis
878 1514 1095 1580 tractas3
1135 1529 1245 1563 non
1275 1511 1444 1580 magis
1477 1513 1654 1563 autem
1693 1511 1849 1564 facile

158 1589 238 1639 est
262 1587 409 1654 scire,
437 1586 566 1654 quid
590 1587 811 1654 possint,
838 1604 998 1654 quam
1026 1585 1263 1637 dubitare
1286 1584 1506 1654 [debet],
1539 1604 1605 1637 an
1629 1586 1847 1654 possint.

269 1660 352 1713 33.
404 1659 564 1713 Nunc
614 1661 680 1712 ad
730 1661 956 1713 fulmina
1005 1662 1346 1726 revertamur,
1400 1677 1628 1727 quorum
1669 1679 1751 1712 ars
1793 1661 1849 1712 in
1872 1680 1914 1712 20

156 1734 288 1788 haec
311 1735 414 1787 tria
438 1734 710 1787 dividitur:
746 1734 1193 1802 quemadmodum
1219 1734 1571 1802 exploremus,
1598 1734 1847 1802 quemad-

156 1810 375 1862 modum
400 1810 822 1878 interpretemur,
858 1808 1306 1877 quemadmodum
1332 1825 1622 1860 exoremus.
1678 1809 1850 1877 prima

277 1989 300 2027 1
331 1986 407 2043 ne]
452 1998 537 2029 nec
570 1988 609 2029 Δ
657 1987 671 2043 ΙΙ
717 1990 745 2029 4
779 1987 880 2044 suo]
925 1999 1007 2030 om.
1042 1987 1082 2028 Δ
1128 1987 1133 2041 Ι
1177 1984 1277 2042 sed]
1311 1998 1393 2029 om.
1432 1986 1484 2028 Φ
1528 1986 1543 2040 Ι]
1590 1987 1614 2026 5
1649 1986 1744 2027 obs
1778 1985 1850 2028 est

158 2044 277 2102 ΛΦ]
311 2046 382 2088 est
413 2044 509 2088 obs.
544 2047 583 2088 Δ
609 2047 623 2102 ΙΙ
655 2049 682 2088 6
715 2046 788 2104 03]
822 2059 875 2089 eo
909 2046 947 2089 δ
980 2058 1086 2088 eum
1118 2046 1178 2101 (ε)
1212 2043 1331 2087 illud
1363 2048 1392 2087 Ζ
1421 2045 1426 2099 Ι
1455 2043 1644 2101 direxit]
1678 2043 1849 2087 dixerit

158 2108 226 2147 εΤ
271 2103 492 2148 direxerit
535 2104 635 2147 ΒΕ*
685 2106 690 2163 Ι
739 2104 875 2163 fiunt]
925 2118 1007 2148 om.
1043 2106 1081 2147 A
1136 2105 1151 2161 ΙΙ
1205 2109 1230 2147 ’1
1274 2103 1552 2161 potestates]
1600 2104 1715 2146 -tem
1746 2105 1787 2146 A
1841 2105 1845 2158 Ι

159 2162 310 2206 chald.
345 2164 523 2222 (B)1?11]
570 2163 836 2208 caldeorum
862 2164 1066 2220 plerique
1099 2164 1113 2219 Ι]
1146 2167 1171 2205 8
1204 2162 1308 2221 illa]
1339 2178 1373 2207 s.
1409 2164 1435 2206 l.
1470 2176 1496 2206 ε
1529 2176 1610 2206 om.
1643 2166 1804 2205 Feror
1834 2163 1848 2218 Η

158 2226 185 2264 9
218 2222 368 2266 otiosa
398 2223 464 2268 vel
496 2224 670 2282 ociosa]
706 2224 804 2268 sine
836 2236 977 2267 causa
1002 2225 1042 2266 A
1081 2224 1096 2279 ΙΙ
1134 2227 1186 2265 10
1217 2222 1490 2280 maximum]
1523 2226 1627 2266 ante
1659 2235 1743 2265 err.
1770 2222 1848 2264 Ἑλ

157 2294 241 2325 om.
267 2284 306 2325 A
331 2284 346 2338 u
370 2286 415 2324 11
439 2284 582 2341 quod]
616 2298 698 2327 om.
725 2282 911 2326 PGH-12
942 2285 956 2339 ΙΙ
986 2286 1037 2325 12
1070 2282 1161 2325 sibi
1192 2281 1339 2326 nostri
1363 2282 1460 2326 coll.
1486 2282 1636 2338 Δ(ε)Ι.
1663 2283 1669 2337 Ι
1696 2281 1846 2338 uind.]

156 2341 294 2384 uend.
328 2344 453 2385 ALT
491 2343 737 2387 uenditent
768 2347 802 2385 E
834 2345 848 2400 ΙΙ
879 2346 929 2385 13
962 2341 1174 2399 propius]
1206 2341 1421 2398 proprius
1453 2345 1524 2384 ΡΖ
1554 2342 1659 2395 fort.
1691 2346 1805 2384 recte
1834 2342 1847 2396 ΙΙ

158 2403 210 2442 14
242 2400 490 2460 aliterque]
536 2402 674 2446 aliter
706 2402 867 2460 (anim-
901 2403 989 2458 Δε)
1024 2400 1119 2444 3113
1151 2403 1191 2444 A
1246 2403 1261 2458 ΙΙ
1314 2405 1365 2444 16
1395 2399 1632 2457 uniuerso]
1675 2399 1848 2443 mundo

141 2460 264 2511 ,ada
298 2462 338 2503 A
390 2463 395 2516 Ι
445 2461 705 2520 i(m)m0tis]
738 2462 787 2504 in
818 2460 989 2504 montis
1021 2462 1056 2504 λ
1101 2461 1116 2516 ΙΙ
1161 2464 1211 2503 17
1246 2459 1377 2503 aliud
1408 2459 1564 2515 aspice
1597 2459 1662 2517 et]
1707 2458 1848 2502 altius

159 2531 233 2561 ars
259 2519 403 2575 spiret
419 2521 578 2565 Haase
601 2523 714 2565 conl.
740 2536 805 2577 ep.
825 2524 898 2575 95,
916 2524 989 2574 10,
1015 2519 1108 2563 alia
1141 2521 1224 2575 (vel
1249 2520 1410 2576 alium)
1443 2518 1574 2562 aliud
1605 2519 1676 2575 (se.
1702 2517 1846 2572 sidus)

159 2577 365 2634 adspicit
396 2580 443 2622 et
475 2580 691 2637 Madvig,
736 2580 866 2623 aliud
895 2580 1003 2636 post
1036 2578 1166 2622 aliud
1198 2580 1272 2635 (εο.
1306 2579 1546 2635 indicium)
1578 2577 1755 2634 aspice:
1802 2579 1849 2620 et

163 2638 241 2682 Ge.
281 2638 296 2694 ΙΙ
333 2642 383 2680 18
417 2638 582 2682 officiis
612 2640 786 2698 Faber]
824 2639 982 2683 efficis.
1017 2638 1165 2681 officis
1198 2638 1355 2683 Rossb.
1381 2637 1570 2682 Skutsch
1607 2639 1612 2691 Ι
1650 2637 1847 2695 tractas]

158 2697 312 2740 tracta
335 2702 367 2739 Τ
390 2698 557 2752 Faber,
582 2699 789 2743 tractans
808 2700 980 2752 Haase,
1012 2699 1219 2741 tractant
1236 2698 1467 2753 Rahkopf,
1486 2697 1695 2754 Madvig,
1726 2697 1847 2739 trac-

158 2757 260 2799 tare
302 2755 482 2800 videbis
524 2758 617 2802 Leo
663 2761 677 2815 ΙΙ
723 2763 775 2801 19
819 2757 1033 2802 dubitare
1069 2757 1168 2815 Ge]
1217 2756 1423 2801 dubitari
1466 2755 1604 2799 debet
1645 2756 1749 2810 fort.
1794 2769 1848 2799 eoe

160 2816 337 2870 adnot„
363 2821 489 2872 potes
527 2819 640 2861 coni.
683 2817 911 2872 dubitare,
952 2817 991 2860 si
1032 2816 1239 2860 dubitari
1279 2816 1418 2860 debet
1452 2816 1591 2872 (Ge),
1632 2814 1846 2858 dubitare

160 2874 380 2933 [videbis]
414 2877 508 2920 Leo
539 2879 552 2933 ΙΙ
584 2882 635 2920 21
666 2877 714 2920 in
745 2878 882 2934 haec]
913 2875 1094 2933 nich(il)
1126 2877 1160 2919 λ
1203 2876 1253 2918 111
1284 2875 1417 2933 (11300
1448 2875 1550 2931 om.)
1573 2876 1614 2917 A
1651 2876 1656 2929 Ι
1691 2887 1855 2929 quemu

161 2935 413 2979 admodum
452 2936 762 2995 exploremus]
806 2951 889 2981 om.
926 2938 978 2980 Φ
1014 2938 1028 2992 ΙΙ
1068 2940 1126 2978 22
1166 2935 1424 2992 exoremus]
1468 2933 1756 2990 exploremus
1797 2935 1864 2976 Φ«
