1988 3138
762 69 1106 116 PRAEFATIO
1731 69 1795 112 ix

94 205 212 264 isse,
243 201 360 250 dum
392 199 595 248 initium
626 199 790 260 operis
820 199 968 261 parat
1006 191 1092 264 (cf.
1124 198 1258 245 infra
1290 197 1350 245 de
1380 196 1459 244 ΠΙ
1486 189 1593 263 23).
1637 212 1797 258 neque

96 278 242 328 aliter
277 290 356 324 res
396 290 448 323 se
486 273 706 333 haberet,
746 272 786 321 si
827 288 858 319 a
890 272 1185 322 caelestibus
1225 288 1338 320 eum
1367 272 1572 319 initium
1609 272 1797 334 cepisse

96 355 147 401 et
181 353 235 399 in
281 352 480 398 terrena
524 347 743 396 finivisse
791 348 1140 396 coniceremus.
1217 346 1370 394 immo
1417 346 1613 408 aliquot
1653 344 1798 394 libris

97 424 337 476 absolutis
375 422 639 472 consilium
686 422 849 484 operis
891 420 1127 470 Senecam
1166 421 1459 484 patefecisse
1498 435 1630 468 nunc
1666 421 1801 467 inter

97 515 264 550 omnes
303 499 406 546 fere
444 498 654 547 constat.
718 511 878 558 neque
911 497 1043 544 enim
1075 495 1314 544 audiendi
1352 497 1483 556 sunt,
1515 495 1605 557 qui
1634 495 1800 557 prima

96 575 264 638 capita
310 572 428 620 libri
457 571 511 620 Π
557 571 615 619 de
663 575 776 619 aere
831 572 1113 633 conscripta
1168 570 1230 618 ab
1280 572 1390 632 ipso
1437 569 1566 617 libro
1612 571 1799 618 temere

95 652 287 700 secreta
324 648 422 696 toti
461 646 600 708 operi
638 644 910 709 praefigere
949 647 1118 694 conati
1156 646 1294 694 sunt:
1333 645 1500 707 ipsum
1540 644 1675 692 enim
1716 643 1799 692 Se-

96 740 270 774 necam
309 723 629 771 correxerunt
668 713 752 786 (cf.
777 720 829 767 H
857 723 941 781 11,
967 722 998 769 3
1041 723 1091 768 et
1131 719 1269 768 Stud.
1293 719 1321 766 I
1347 719 1466 767 115.
1498 711 1643 786 118).
1720 718 1802 765 hic

96 800 254 864 igitur
307 797 533 846 consulto
595 794 766 843 ordine
820 795 1016 844 inverso
1077 796 1246 857 partes
1306 794 1422 842 illas
1477 794 1803 853 enumeravit,

96 876 365 938 postquam
402 874 602 919 terrena
639 869 870 918 absolvit.

208 948 346 995 Haec
378 948 511 994 enim
543 946 658 993 ante
690 944 938 1005 sublimia,
971 945 1206 992 caelestia
1236 946 1351 1005 post
1374 943 1496 991 haec
1521 942 1803 1004 conscripta

99 1038 204 1072 esse
234 1020 461 1085 pluribus
492 1019 746 1083 probatur.
801 1021 933 1067 inter
965 1018 1132 1067 omnia
1164 1020 1332 1066 autem
1364 1018 1660 1082 argumenta
1691 1032 1804 1081 gra-

98 1099 359 1147 vissimum
388 1095 517 1143 illud
542 1097 631 1155 est,
656 1093 790 1156 quod
820 1111 866 1156 p.
884 1093 984 1140 VII
1009 1093 1126 1155 dixi,
1158 1093 1217 1141 de
1248 1094 1368 1141 novi
1400 1093 1563 1155 operis
1596 1091 1803 1140 consilio

101 1175 355 1221 auctorem
399 1171 453 1218 in
499 1168 811 1232 praefatione
858 1168 976 1216 libri
1005 1167 1086 1216 HI
1130 1168 1337 1229 referre3
1377 1183 1538 1229 neque
1579 1168 1711 1215 enim
1750 1168 1805 1213 in

99 1248 228 1296 libro
265 1245 577 1309 paenultimo
610 1244 670 1292 de
709 1242 1050 1291 fundamentis
1088 1243 1330 1306 ponendis
1370 1259 1483 1290 eum
1523 1257 1669 1306 agere
1700 1241 1806 1289 veri

101 1324 177 1371 est
215 1321 391 1382 simile,
437 1335 597 1381 neque
643 1320 739 1380 est,
780 1333 868 1367 cur
903 1319 1269 1381 praefationem
1308 1318 1371 1365 ab
1410 1319 1520 1380 ipso
1561 1316 1689 1364 libro
1727 1315 1808 1364 III

101 1398 377 1446 seiunctam
417 1395 537 1443 olim
576 1393 729 1442 fuisse
768 1393 1109 1455 suspiciamus,
1188 1393 1430 1441 accedunt
1469 1392 1585 1452 alia,
1626 1391 1808 1453 quibus

101 1473 311 1520 terrenis
351 1463 454 1536 (III
499 1468 572 1515 IV
582 1462 636 1535 a)
682 1467 873 1530 primus
929 1467 1224 1516 attribuitur
1270 1468 1422 1516 locus.
1498 1467 1628 1514 hanc
1675 1466 1807 1514 enim

102 1548 298 1610 partem
343 1544 407 1592 ad
452 1543 601 1592 finem
647 1543 947 1605 perduxerat
990 1542 1283 1604 libellosque
1330 1541 1525 1590 Lucilio
1573 1556 1661 1589 suo
1716 1541 1807 1587 mi-

104 1623 253 1681 serat,
298 1635 411 1667 cum
448 1618 522 1666 VI
563 1618 611 1678 8,
653 1619 683 1666 3
731 1619 889 1666 nescis
935 1621 1098 1666 autem
1142 1619 1268 1665 inter
1313 1618 1586 1678 opiniones,
1633 1616 1811 1675 quibus

106 1698 369 1744 enarratur
413 1693 524 1741 Nili
577 1694 763 1740 aestiva
815 1693 1096 1748 inundates,
1146 1695 1190 1740 et
1239 1692 1368 1740 hamc
1418 1705 1517 1740 esse
1565 1705 1655 1750 eqs.
1705 1706 1807 1738 mo-

52 1827 59 1830 ,
103 1772 265 1831 neret3
319 1767 520 1831 placitis
568 1769 700 1816 enim
746 1766 807 1814 de
853 1766 972 1815 Nilo
1022 1767 1269 1831 congestis
1319 1765 1512 1828 aliquid
1557 1765 1677 1814 novi
1725 1764 1808 1813 ad-

105 1844 320 1894 dendum
359 1858 463 1891 esse
501 1844 643 1891 ratus
681 1843 846 1904 ipsum
886 1841 1070 1889 librum
1101 1841 1214 1889 IVa
1253 1857 1353 1890 non
1388 1841 1685 1888 retractavit
1724 1840 1810 1887 sed

0 1950 3 1988 5
105 1922 232 1968 miro
269 1917 418 1967 modo
457 1918 590 1966 inter
628 1932 803 1965 causas
842 1919 1005 1964 terrae
1046 1918 1211 1965 motus
1244 1918 1396 1979 caput
1433 1915 1560 1963 illud
1598 1914 1814 1963 inseruit

108 1989 274 2062 (Stud.
298 1993 325 2042 Ι
351 1986 497 2059 122).
568 1995 718 2055 atque
757 1991 1019 2040 historiola
1051 1990 1298 2054 quaedam
1328 1990 1441 2038 IVa
1468 1992 1515 2051 2,
1545 1991 1610 2038 13
1651 1990 1812 2037 fusius

108 2072 342 2118 enarrata
381 2067 502 2130 quid
541 2067 732 2127 doceat,
770 2066 822 2114 II
849 2067 934 2127 59,
962 2067 992 2114 5
1033 2068 1139 2114 tam
1177 2065 1395 2115 breviter
1434 2064 1714 2126 adumbrat,
1755 2066 1814 2112 ut

106 2144 243 2193 illius
280 2142 482 2191 fabulae
513 2142 823 2190 immemores
855 2157 916 2189 ne
954 2142 1244 2205 intellegere
1277 2140 1478 2203 quidem
1520 2139 1640 2202 quid
1679 2138 1811 2203 cogi-

107 2218 295 2268 taverit
330 2218 593 2280 possimus.
670 2232 830 2279 neque
869 2215 1027 2280 igitur
1065 2215 1286 2276 dubium,
1327 2215 1447 2277 quin
1485 2215 1518 2263 l.
1543 2213 1655 2262 IVa
1694 2216 1812 2262 ante

108 2293 161 2343 Π
206 2296 256 2342 et
294 2291 367 2340 VI
421 2292 730 2354 conscriptus
785 2292 864 2339 sit.
955 2292 1120 2339 minus
1176 2290 1318 2339 nobis
1372 2289 1623 2352 persuasit
1679 2288 1813 2350 quod

110 2366 166 2417 G.
192 2367 401 2416 Mueller
430 2367 614 2429 posuit,
654 2364 717 2414 ad
749 2365 828 2414 ΙΙΙ
855 2367 920 2414 16
954 2366 1200 2428 respicere
1231 2364 1398 2425 verba,
1432 2379 1560 2427 quae
1592 2363 1637 2409 V
1669 2365 1754 2423 14,
1782 2367 1808 2411 1

110 2446 324 2504 repetam
352 2456 485 2490 nwne
515 2441 642 2501 quod
673 2442 728 2488 in
750 2443 915 2501 primo
939 2441 1162 2489 dixeram
1192 2440 1443 2504 leguntur,
1467 2440 1565 2487 nisi
1597 2453 1630 2486 a
1646 2440 1815 2498 primo

111 2516 463 2566 emendaturus
487 2531 552 2563 es.
591 2517 646 2563 in
661 2517 825 2575 primo
858 2515 990 2563 enim
1021 2514 1081 2563 de
1112 2514 1261 2562 initio
1287 2513 1506 2562 eiusdem
1531 2512 1689 2561 libelli
1715 2512 1816 2560 dici

112 2587 199 2658 (cf.
240 2590 284 2638 V
310 2585 369 2656 4)
411 2590 663 2639 Schultess
707 2589 981 2638 rectissime
1028 2590 1244 2651 monuit3
1291 2591 1514 2637 attamen
1559 2604 1669 2636 cum
1709 2586 1755 2633 V
1781 2589 1814 2635 4

114 2666 286 2715 eadem
324 2666 692 2729 perstringatur
722 2667 922 2712 tantum
954 2664 1197 2725 doctrina,
1235 2665 1347 2726 ipsa
1382 2662 1534 2712 verba
1567 2662 1643 2711 III
1671 2663 1754 2723 16,
1782 2663 1815 2708 4

114 2744 330 2802 exstent,
385 2739 573 2788 Seneca
625 2740 886 2802 utriusque
944 2739 1041 2788 loci
1097 2740 1241 2802 quasi
1300 2740 1352 2786 in
1415 2755 1568 2785 unum
1624 2737 1818 2785 confusi

114 2814 160 2861 V
189 2818 272 2875 14,
301 2819 327 2863 1
370 2814 569 2863 videtur
606 2814 903 2862 meminisse.
974 2829 1133 2876 neque
1172 2814 1331 2877 igitur
1369 2813 1653 2861 coniectura
1693 2826 1818 2874 opus

116 2894 191 2939 est
229 2889 293 2938 ad
332 2889 554 2938 ordinem
593 2888 876 2937 libellorum
917 2890 968 2936 et
1005 2891 1286 2950 temporum
1326 2885 1672 2935 definiendum.
