1988 3138
778 83 1123 130 PRAEFATIO
1743 81 1807 125 XI

214 214 426 263 Restant
461 212 572 276 ipsa
618 211 852 260 sublimia
890 212 944 258 in
982 211 1147 259 medio
1190 210 1371 272 posita,
1411 225 1623 272 quorum
1661 208 1807 257 binos

101 290 259 340 libros
307 288 493 336 artiore
534 286 750 348 quodam
789 286 989 335 vinculo
1029 300 1238 334 conexos
1285 288 1436 347 atque
1484 283 1669 331 librum
1693 282 1806 330 IVb

105 366 221 415 ante
258 362 327 423 H,
366 361 411 407 V
450 364 567 410 ante
598 361 671 408 VI
710 362 921 422 scriptos
960 375 1065 409 esse
1104 359 1334 407 vidimus
1413 374 1542 406 nunc
1582 357 1808 406 ordinem

100 437 323 487 Senecae
361 435 473 484 IVb
504 435 579 496 Π,
618 435 663 480 V
696 435 769 482 VI
808 435 976 494 fuisse,
1015 450 1115 482 non
1154 434 1202 480 V
1233 433 1320 494 VI,
1360 432 1472 480 IVb
1505 432 1555 480 II
1593 431 1808 494 proban-

104 513 221 561 dum
246 511 355 560 erit.
418 514 567 573 atque
593 525 749 572 aquas
774 510 1010 559 caelestes
1042 508 1160 557 libri
1183 507 1295 556 IVb
1320 509 1465 570 aquis
1489 506 1809 555 terrestribus

101 589 156 636 in
193 586 273 635 ΠΙ
311 585 425 633 IVa
470 585 701 634 tractatis
749 585 1005 647 oppositas
1053 598 1158 632 esse
1197 600 1244 645 p.
1282 583 1326 630 X
1376 581 1555 644 patuit.
1632 583 1808 629 ventos

102 677 218 710 cum
254 661 333 708 his
372 660 634 708 cohaerere
672 674 816 707 nemo
857 658 1051 707 censuit
1092 673 1252 720 neque
1292 659 1399 720 ipse
1440 656 1626 705 Seneca
1666 671 1809 717 prae-

101 735 292 784 fatione
328 734 547 797 quadam
585 749 703 782 usus
734 734 817 782 vel
855 732 1160 797 digressione
1191 731 1443 795 professus
1476 732 1572 779 est:
1611 730 1740 778 liber
1761 729 1807 777 V

104 810 165 858 de
204 811 367 858 ventis
414 809 722 871 conscriptus
767 807 1078 870 praefatione
1126 821 1330 870 prorsus
1379 808 1514 854 caret
1554 807 1604 853 et
1642 819 1809 853 carere

102 884 293 948 potuit,
348 885 467 947 quia
522 885 628 931 aeri
681 886 731 931 et
785 881 1078 930 fulminibus
1139 884 1254 944 apte
1310 881 1449 929 venti
1503 882 1808 928 asseruntur.

103 959 275 1022 itaque
306 957 434 1007 libro
457 957 511 1006 H
542 959 815 1020 praemisso
839 949 926 1024 (cf
957 959 1002 1017 1,
1029 950 1085 1023 3)
1119 972 1149 1004 a
1174 955 1337 1005 verbis
1360 958 1530 1003 ventus
1555 957 1624 1003 est
1653 956 1811 1013 fluens

104 1040 193 1083 ait'r
223 1034 410 1096 optime
442 1034 622 1095 incipit
652 1032 699 1079 V
726 1034 848 1092 1,1.
901 1032 999 1080 toti
1031 1047 1149 1079 vero
1182 1030 1471 1079 sublimium
1502 1030 1638 1092 parti
1668 1044 1810 1091 prae-

104 1110 233 1157 fatio
264 1107 432 1157 deesse
473 1123 573 1156 non
616 1106 798 1192 potuit,
841 1122 1002 1168 neque
1047 1122 1157 1154 eam
1199 1107 1347 1153 initio
1387 1104 1504 1152 libri
1535 1103 1648 1151 IVb
1679 1118 1811 1151 nunc

105 1184 272 1232 manci
312 1182 530 1231 defuisse
569 1183 675 1230 veri
715 1185 789 1230 est
821 1181 1132 1229 simillimum
1164 1173 1331 1247 (Stud.
1359 1179 1384 1226 I
1413 1181 1533 1239 112,
1573 1179 1633 1227 cf.
1666 1171 1811 1245 114).

106 1257 284 1307 deinde
323 1257 475 1306 verba
519 1258 605 1305 secl
642 1257 759 1305 haec
796 1256 928 1304 aha-5
973 1255 1026 1304 Π
1054 1257 1106 1317 7,
1137 1257 1166 1302 2
1208 1255 1272 1303 ad
1312 1254 1588 1303 doctrinam
1632 1253 1812 1301 Demo-

106 1331 221 1381 criti
269 1332 317 1379 V
343 1334 372 1380 2
393 1347 465 1394 sq.
512 1329 878 1394 reprobandam
925 1333 1148 1393 spectare
1196 1329 1450 1390 videntur,
1499 1327 1596 1375 nisi
1643 1343 1701 1376 ea
1749 1327 1813 1375 ad

108 1406 358 1455 Stratonis
397 1406 587 1468 placita
625 1408 799 1468 postea
830 1405 905 1453 VI
932 1405 1016 1465 13,
1044 1407 1072 1452 2
1109 1404 1405 1453 adumbrata
1436 1404 1619 1452 referre
1652 1403 1812 1450 mavis

109 1475 274 1548 (Stud.
307 1481 332 1529 Ι
369 1474 709 1547 116—118):
759 1482 934 1529 neuter
983 1481 1117 1527 enim
1167 1480 1304 1528 locus
1355 1481 1470 1526 ante
1525 1477 1578 1526 II
1616 1479 1643 1525 7
1699 1492 1812 1525 con-

108 1558 326 1620 scriptus
372 1559 461 1604 est.
537 1555 684 1603 huius
732 1555 920 1603 ordinis
966 1555 1319 1618 gravissimum
1365 1552 1606 1602 indicium
1653 1551 1813 1599 adhuc

108 1631 389 1694 neglectum
422 1630 495 1678 V1
523 1632 606 1690 19,
633 1631 662 1678 2
704 1632 880 1689 exstat,
918 1629 1005 1677 ubi
1051 1645 1170 1677 voce
1217 1628 1435 1676 humana
1475 1630 1527 1675 in
1566 1627 1701 1675 dolio
1738 1641 1812 1675 re-

109 1709 317 1766 sonante
364 1707 672 1767 pertractata
720 1703 920 1752 additur
971 1697 1082 1771 (ae'r
1128 1698 1270 1770 aera)
1324 1705 1480 1764 ayitat
1526 1716 1626 1750 lnon
1674 1701 1815 1749 aliter

109 1795 260 1841 quam
298 1779 401 1836 nea,
439 1780 498 1828 de
537 1780 712 1839 quibus
741 1780 928 1840 paulo
975 1782 1108 1827 ante
1155 1779 1386 1834 rettuli,
1435 1779 1612 1825 inania
1659 1777 1814 1824 indito

109 1855 318 1904 clamore
354 1857 643 1903 sonuerwnt:
683 1853 742 1902 de
774 1854 852 1902 his
885 1853 1072 1902 Seneca
1104 1854 1348 1915 neque'in
1385 1852 1512 1900 libro
1545 1851 1619 1899 VI
1650 1866 1814 1914 neque

109 1930 163 1977 in
203 1929 251 1976 V
288 1928 375 1978 sed
412 1928 467 1977 Π
493 1930 560 1977 29
603 1923 688 1995 (cf.
718 1930 802 1989 27,
829 1930 876 1976 4.
912 1929 997 1988 28,
1025 1930 1069 1977 1.
1106 1928 1154 1989 6,
1181 1921 1236 1993 5)
1270 1930 1455 1991 egerat,
1488 1942 1599 1975 cum
1631 1925 1813 1974 Metro-

112 2003 220 2051 dori
260 2002 373 2051 Chii
411 2003 748 2065 similiumque
797 2005 1055 2052 auctorum
1103 2002 1163 2051 de
1203 2003 1438 2051 tonitruis
1478 2000 1666 2063 placita
1705 2000 1814 2048 red-

112 2078 276 2127 debat

224 2152 402 2216 Itaque
442 2168 541 2201 uno
580 2156 751 2201 tenore
782 2152 936 2201 libros
962 2152 1012 2199 II
1040 2152 1086 2199 V
1111 2151 1182 2199 VI
1213 2151 1413 2200 videtur
1451 2150 1816 2212 conscripsisse,

114 2230 379 2291 postquam
418 2227 818 2276 dissertationem
858 2227 917 2275 de
958 2226 1101 2290 aquis
1134 2226 1428 2276 caelestibus
1462 2218 1624 2292 (IVb)
1657 2226 1816 2288 magis

114 2306 339 2351 auctores
386 2318 501 2351 suos
547 2317 697 2365 quam
744 2305 974 2364 apertum
1028 2302 1291 2350 consilium
1338 2302 1537 2350 secutus
1585 2299 1817 2359 absolvit,

116 2372 256 2442 (nam
295 2377 355 2426 de
392 2376 686 2425 fulminibus
726 2380 840 2439 post
878 2376 1173 2440 grandinem
1205 2379 1435 2424 acturum
1466 2390 1518 2423 se
1551 2389 1656 2423 esse
1688 2389 1813 2438 nego

116 2467 230 2500 eum
277 2452 584 2515 promisisse,
634 2451 695 2499 cf.
741 2445 912 2518 infra).
990 2451 1085 2500 hac
1131 2451 1190 2499 de
1238 2466 1390 2499 causa
1437 2450 1815 2511 dispositionem

115 2527 275 2575 totius
315 2528 551 2575 materiae
584 2525 634 2573 II
663 2530 708 2587 1,
738 2530 761 2574 1
784 2541 856 2588 sq.
919 2525 1253 2585 adumbravit,
1286 2525 1425 2573 cuius
1457 2524 1647 2572 mediae
1682 2524 1818 2585 parti

114 2601 287 2648 nubila
323 2601 501 2649 imbres
538 2602 673 2649 nives
711 2596 909 2665 <ventos
942 2603 1099 2649 terrae
1136 2603 1294 2648 motus
1322 2596 1562 2662 sulpura>
1603 2600 1818 2646 tonitrua

115 2690 442 2736 quaecumque
494 2681 580 2723 αέι·
624 2676 746 2735 facit
789 2677 1040 2736 patiturve
1094 2674 1373 2737 adscripsit.
1459 2674 1695 2721 nimirum
1747 2673 1817 2720 sic

115 2750 219 2797 fere
258 2748 520 2798 verborum
559 2753 842 2798 contextum
883 2749 1215 2812 supplendum
1254 2764 1373 2811 esse,
1423 2750 1518 2797 etsi
1565 2747 1686 2795 olim
1725 2747 1813 2794 du-

115 2822 228 2873 bius
267 2823 530 2885 haerebam
562 2816 728 2889 (Stud.
761 2824 786 2872 1
821 2818 964 2890 116),
1004 2839 1133 2873 nunc
1171 2823 1360 2872 Haasio
1401 2822 1629 2872 concedo.
1693 2821 1820 2869 hanc

118 2898 248 2945 enim
296 2898 738 2959 enumerationem,
787 2915 884 2947 non
939 2900 1072 2960 ipsos
1126 2898 1301 2959 libros,
1349 2899 1578 2960 spectans
1627 2897 1816 2944 amicus
