1988 3138
489 110 715 156 NATUR.
749 109 1000 165 QUAEST.
1032 109 1145 156 LIB.
1175 110 1276 156 VH.
1308 114 1438 156 5—7.
1709 111 1817 165 241

116 253 237 288 eum
288 235 411 302 niti,
450 235 609 287 donec
645 251 711 286 ex
750 233 931 301 aliqua
982 250 1141 285 causa
1179 232 1371 285 refluat
1406 251 1592 285 rursus
1640 251 1702 286 ac
1739 252 1819 286 re-

14 314 19 321 '
114 310 375 376 mittatur,
430 307 621 361 deinde
676 308 870 360 iterum
923 307 1172 375 proximo
1222 305 1306 360 die
1354 325 1416 361 ac
1470 307 1817 375 sequentibus

115 401 436 453 consurgere
463 386 518 435 et
541 382 767 434 eundem
798 382 979 434 locum
1010 381 1365 433 inflammare:
1397 381 1639 434 videmus
1672 382 1817 435 enim

12 463 19 478 ⁸
113 461 303 510 ventos
342 475 440 526 per
470 457 772 525 complures
813 455 925 508 dies
966 455 1033 507 ad
1072 456 1424 509 constitutum
1464 455 1658 525 redire;
1698 457 1816 525 plu-

68 550 91 585 ι
112 530 230 584 viae
270 549 484 600 quoque
523 534 576 583 et
616 531 721 583 alia
762 533 1142 599 tempestatum
1182 547 1377 600 genera
1416 530 1483 582 ad
1521 532 1814 600 praescrip-

110 608 227 658 tum
266 606 638 658 revertuntur.'
716 608 778 656 ut
827 604 1060 657 breviter
1109 607 1287 657 autem
1326 605 1659 657 voluntatem
1698 606 1812 658 eius
1846 619 1872 658 3

109 681 430 749 exprimam,
469 679 653 733 eadem
703 679 821 731 fieri
859 679 1065 731 ratione
1111 677 1211 731 hos
1253 682 1486 732 cometas
1527 680 1814 748 existimat,

110 771 217 823 qua
247 754 386 807 fiunt
416 755 567 825 ignes
599 753 812 806 turbine
844 754 1022 806 eiecti:
1063 753 1167 806 hoc
1197 771 1366 805 unum
1398 754 1635 823 interest,
1667 755 1813 823 quod

110 828 191 881 illi
241 828 481 881 turbines
521 847 587 882 ex
626 829 890 897 superiori
928 831 1079 897 parte
1120 828 1176 879 in
1215 831 1382 880 terras
1425 827 1812 897 deprimuntur,

107 902 167 955 ln‘
205 903 270 956 de
308 907 450 956 terra
488 904 547 955 in
584 903 860 972 superiora
898 903 1215 955 eluctantur.

223 977 268 1029 7.
309 976 580 1030 Adversus
619 978 751 1030 haec
789 978 961 1029 multa
1000 977 1261 1029 dicuntur.
1333 977 1569 1045 primum
1610 978 1656 1030 si
1686 996 1809 1031 ven·
1844 993 1866 1031 1

105 1056 192 1105 tus
232 1053 287 1105 in
329 1070 487 1105 causa
525 1056 680 1119 esset,
716 1069 1012 1120 numquam
1046 1054 1278 1105 cometes
1310 1051 1426 1104 sine
1457 1055 1617 1105 vento
1651 1070 1810 1121 appa-

103 1131 266 1180 reret:
304 1145 448 1180 nunc
487 1130 666 1180 autem
706 1130 759 1179 et
799 1127 1135 1195 quietissimo
1169 1129 1287 1179 aere
1319 1129 1553 1195 apparet.
1619 1126 1810 1180 deinde

105 1202 151 1254 si
190 1205 351 1255 vento
401 1202 567 1269 fieret,
619 1219 742 1254 cum
781 1204 942 1254 vento
994 1201 1225 1254 caderet:
1277 1203 1331 1253 et
1382 1202 1427 1253 si
1466 1204 1626 1254 vento
1678 1202 1808 1254 inci-

104 1280 271 1346 peret,
321 1280 580 1329 cresceret
618 1279 778 1328 vento
830 1293 1001 1344 eoque
1052 1278 1192 1328 esset
1230 1274 1514 1342 ardentior,
1567 1293 1674 1344 quo
1715 1276 1807 1330 ille

103 1351 389 1404 incitatior.
451 1351 536 1403 his
577 1350 781 1404 accedit
820 1350 955 1402 illud
995 1368 1224 1419 quoque,
1264 1349 1410 1418 quod
1438 1353 1631 1403 ventus
1671 1352 1805 1404 mul·

102 1429 184 1478 tas
217 1427 351 1478 aeris
391 1429 569 1495 partes
609 1426 855 1494 impellit,
896 1429 1127 1478 cometes
1166 1442 1275 1477 uno
1314 1425 1435 1477 loco
1468 1427 1714 1494 apparet3
1753 1429 1806 1478 et
1874 1434 1885 1473 ἰ

4 1567 8 1570 y
99 1510 292 1554 ventus
333 1501 387 1552 in
427 1499 656 1552 sublime
694 1518 803 1552 non
842 1500 1102 1568 pervenit,
1139 1502 1376 1552 cometae
1417 1503 1595 1552 autem
1627 1500 1805 1552 visun-
1892 1545 1896 1562 .,

3 1588 7 1630 ῑ
101 1578 191 1628 tur
228 1594 389 1645 supra
429 1592 589 1644 quam
631 1575 706 1627 ire
749 1575 919 1627 ventis
957 1574 1098 1628 licet.
1902 1628 1906 1640 ,

3 1644 5 1652 ⁴
213 1648 428 1702 Transit
467 1649 657 1702 deinde
698 1648 764 1701 ad
815 1649 952 1716 illos,
993 1666 1127 1717 quos
1168 1649 1244 1700 ait
1283 1648 1563 1701 certiorem
1603 1647 1800 1702 habere
1834 1663 1858 1701 2

3 1744 6 1767 ι
99 1725 375 1777 stellarum
434 1725 690 1794 speciem,
742 1724 835 1792 qui
885 1727 939 1776 et
994 1723 1292 1793 procedunt
1341 1726 1396 1776 et
1449 1723 1604 1793 signa
1652 1742 1801 1792 prae-

98 1802 324 1852 tereunt.
406 1798 507 1852 hos
558 1799 634 1850 ait
683 1816 749 1850 ex
799 1797 967 1851 isdem
1016 1798 1188 1851 causis
1238 1797 1378 1865 fieri,
1430 1797 1623 1866 quibus
1676 1797 1799 1851 illos

3 1881 5 1883 ’
98 1891 234 1942 quos
273 1872 410 1926 dixit
460 1873 787 1940 humiliores,
838 1872 941 1926 hoc
980 1876 1160 1926 tamen
1205 1873 1475 1941 interesse,
1516 1872 1660 1941 quod
1698 1875 1800 1925 ter-

95 1965 276 2001 rarum
315 1947 681 2001 exhalationes
727 1947 899 2000 multa
938 1964 1117 2000 secum
1159 1946 1306 1999 arida
1343 1947 1573 2000 ferentes
1614 1946 1798 2000 celsio-

94 2040 209 2076 rem
259 2026 446 2092 petant
494 2027 701 2092 partem
752 2025 806 2075 et
856 2022 911 2074 in
951 2022 1178 2075 editiora
1216 2020 1347 2074 caeli
1399 2022 1648 2090 aquilone
1688 2023 1797 2091 pel-

94 2094 287 2150 lantur.
364 2098 490 2166 (at)
533 2098 578 2149 si
631 2097 751 2150 illos
791 2096 972 2165 aquilo
1024 2096 1363 2166 propelleret,
1414 2095 1480 2148 ad
1520 2096 1795 2150 meridiem
1830 2110 1856 2148 3

219 2279 238 2317 1
275 2287 381 2319 eum
416 2273 515 2333 Ge]
549 2288 604 2318 ex
637 2275 675 2318 ό
687 2275 761 2328 Φ,
793 2287 849 2318 ee
883 2272 1080 2331 Madvig]
1115 2276 1120 2327 Ι
1156 2272 1259 2327 niti,
1293 2272 1440 2316 donec
1475 2272 1689 2331 Madviy]
1724 2273 1795 2316 ni—

92 2331 196 2378 fido
228 2347 288 2379 ne
318 2335 423 2390 (nec
446 2337 535 2389 ΤΖ)
561 2335 599 2378 <5
612 2335 678 2387 Φ,
710 2347 766 2378 ex
798 2331 965 2377 humili
998 2332 1146 2376 donec
1174 2332 1337 2377 Koeler
1362 2334 1368 2388 1
1399 2330 1586 2390 refluat]
1620 2331 1795 2376 defluat

96 2391 176 2437 Ge.
208 2395 223 2449 ΙΙ
254 2397 283 2436 2
314 2393 524 2451 proximo
576 2406 675 2437 -ma
708 2394 746 2438 ό
775 2395 790 2450 ΙΙ
821 2398 847 2436 7
881 2406 998 2436 com.
1031 2391 1115 2435 hos
1147 2393 1244 2437 coll.
1279 2393 1317 2436 ό·
1348 2393 1362 2449 ΙΙ
1394 2395 1420 2433 8
1454 2390 1612 2450 eiecti]
1650 2393 1794 2436 erecti

94 2451 275 2506 Koeler,
305 2453 383 2498 sed
413 2455 469 2507 cs.
541 2454 570 2496 I
588 2457 633 2506 2,
652 2458 681 2497 6
711 2455 725 2508 [Ι
757 2457 785 2495 0
816 2451 1047 2510 turbines]
1081 2467 1165 2497 om.
1191 2452 1230 2495 δ
1253 2451 1402 2508 vulyo,
1433 2452 1510 2495 sed
1534 2452 1591 2505 cf.
1611 2466 1659 2508 p.
1685 2455 1793 2505 242,

8 2518 30 2562 ᾗ·
91 2513 150 2566 9,-
181 2515 237 2556 14
254 2530 270 2566 ;
305 2517 360 2557 17
386 2515 392 2567 1
422 2513 549 2569 depr.
584 2513 632 2555 in
665 2515 812 2556 terras
836 2512 934 2556 coll.
961 2512 999 2554 δ
1022 2514 1036 2567 Η
1061 2516 1104 2554 11
1130 2511 1369 2569 dicuntur]
1402 2524 1459 2555 sc.
1486 2526 1516 2554 a
1542 2512 1794 2556 Posidonio

8 2567 22 2579 ἃ
91 2574 135 2617 d
165 2573 453 2617 Artemidoro
483 2575 498 2628 ΙΙ
532 2576 580 2615 13
613 2573 791 2630 autem]
831 2585 915 2616 om.
950 2572 988 2616 d*
1019 2574 1033 2627 ΙΙ
1064 2575 1114 2614 16
1147 2573 1290 2616 uento
1324 2573 1552 2615 cresceret
1586 2571 1682 2615 coll.
1710 2571 1748 2615 δ
1778 2572 1792 2628 ΙΙ

18 2621 26 2626 “
90 2634 145 2675 10
175 2629 268 2691 hin]
301 2631 391 2676 huc
422 2633 462 2677 <5
496 2636 501 2687 Ι
537 2631 656 2675 illud
689 2632 894 2690 quoque]
927 2645 1011 2675 om.
1038 2631 1077 2675 δ
1106 2633 1121 2686 ΙΙ
1152 2634 1201 2674 17
1235 2644 1328 2674 uno
1354 2630 1584 2689 d'rlil’z]
1618 2630 1666 2673 in
1698 2644 1791 2674 uno

4 2711 5 2715 =
89 2691 292 2748 (η)1λτ
329 2693 344 2749 fl
382 2695 433 2735 18
472 2692 581 2750 uie]
629 2694 885 2735 nascuntur
916 2691 955 2735 δ
993 2692 1007 2746 ΙΙ
1047 2694 1097 2733 19
1136 2689 1291 2734 uentis
1336 2690 1403 2734 ire
1450 2690 1548 2733 coll.
1582 2690 1746 2733 6201·
1776 2691 1791 2747 ΙΙ

90 2751 145 2794 21
176 2750 323 2809 proc]
353 2753 487 2819 pre(‹‘1
519 2750 746 2808 B)cedunt
777 2751 817 2795 δ’
856 2752 871 2807 η
914 2754 973 2793 22
1004 2749 1153 2794 isdem
1185 2749 1239 2808 B]
1285 2749 1461 2794 eisdem
1504 2751 1518 2805 ΙΙ
1561 2752 1619 2791 23
1652 2750 1789 2817 quos]

90 2821 173 2854 om.
208 2810 247 2854 δ
281 2813 288 2867 1
323 2810 463 2870 dixit]
500 2825 558 2855 sc.
593 2815 636 2865 6,
663 2815 686 2855 1
725 2814 730 2866 Ι
765 2812 923 2854 tamen
957 2810 1106 2867 dno]
1148 2811 1333 2853 tantum
1364 2812 1378 2865 ΙΙ
1410 2812 1468 2852 24
1501 2807 1790 2852 exalationes

90 2870 252 2928 8110
282 2870 299 2926 Ι
328 2873 387 2938 2³
417 2871 604 2929 petant]
645 2872 813 2927 petunt
842 2884 876 2928 ρ
910 2872 916 2926 Ι
951 2869 1157 2971 gai-tem]
1198 2867 1353 2913 locum
1385 2869 1423 2913 ό
1454 2870 1468 2923 n
1499 2871 1558 2910 26
1591 2870 1641 2911 at
1679 2867 1787 2912 add.

93 2925 198 2981 Ge„
229 2927 341 2972 audi
372 2943 511 2982 nunc,
542 2943 663 2987 quae
696 2929 917 2974 adversus
983 2942 1070 2972 anc
1103 2927 1332 2972 dicantur.
1382 2928 1488 2971 add.
1518 2927 1653 2971 Gertz

181 3008 368 3044 sunone
393 3019 596 3045 nwun.
622 3019 787 3049 utun-r.
812 3011 871 3044 od.
897 3011 1093 3044 Gercke.
1465 3006 1518 3044 16

1965 1675 1988 1760 Ξ
