1988 3138
572 126 797 172 NATUR.
831 125 1080 180 QUAEST.
1113 126 1224 171 Lm.
1254 126 1288 169 1.
1323 130 1363 170 3.
1745 111 1818 178 ’17

124 250 420 322 imaginum
469 253 524 303 et
568 247 1012 316 intermissarum,
1066 247 1158 300 sed
1208 247 1366 301 unius
1415 247 1608 319 longae
1659 249 1819 316 atque

124 325 420 379 continuae.

235 397 562 469 ‘quomodo’,
603 397 806 467 inquis,
845 397 924 449 ‘tu
955 395 1092 448 mihi
1123 396 1293 448 multa
1330 395 1482 448 milia
1519 394 1818 467 imaginum

123 474 245 528 istic
282 491 395 526 esse
434 472 588 540 dicis,
627 471 720 524 ubi
759 488 859 541 ego
898 471 1103 523 nullam
1141 469 1334 523 video?
1375 473 1429 523 et
1468 487 1654 539 quare,
1692 487 1816 523 cum

76 570 99 603 ⁶
124 548 252 602 solis
281 547 430 600 color
451 564 588 599 unus
620 546 705 615 sit,
737 545 1032 616 imaginum
1058 545 1296 598 diversus
1329 544 1463 598 estP'
1496 546 1557 597 ut
1588 546 1642 597 et
1670 543 1818 614 haec,

122 640 257 692 quae
296 620 642 691 proposuisti,
679 619 920 673 refellam
960 622 1014 672 et
1052 619 1170 688 alia,
1211 637 1346 688 quae
1383 636 1496 671 non
1529 618 1707 672 minus
1737 637 1819 672 re·

118 696 352 749 fellenda
382 698 522 763 sunt,
552 695 687 747 illud
711 694 884 747 dicam
909 697 1142 764 oportet:
1172 693 1313 746 nihil
1344 711 1458 746 esse
1490 693 1600 746 acie
1631 695 1817 746 nostra

118 770 363 825 fallacius
400 788 511 823 non
547 772 756 822 tantum
796 770 852 821 in
889 768 992 838 his,
1030 787 1062 821 a
1100 767 1294 838 quibus
1334 767 1605 820 subtiliter
1643 768 1816 836 pervi-

120 845 305 898 dendis
345 845 492 897 illam
530 843 761 897 locorum
793 843 1070 896 diversitas
1104 842 1401 911 submovet,
1440 842 1532 895 sed
1564 841 1726 895 etiam
1759 842 1816 894 in

53 940 97 973 ιο
119 918 203 972 his
244 937 472 989 quoque,
510 937 644 987 quae
684 918 750 970 ad
789 936 1006 970 manum
1046 917 1235 970 cernit:
1272 934 1451 970 remus
1491 916 1641 969 tenui
1677 934 1816 986 aqua

118 994 320 1064 tegitur
357 997 411 1046 et
443 994 598 1046 fracti
630 993 861 1062 speciem
892 992 1088 1061 reddit3
1126 1010 1288 1060 poma
1317 1010 1414 1060 per
1444 991 1644 1043 vitrum
1677 991 1816 1060 aspi-

119 1068 382 1121 cientibus
433 1069 604 1120 multo
656 1068 858 1119 maiora
907 1070 1052 1136 sunt3
1107 1067 1476 1118 columnarum
1532 1066 1815 1118 intervalla

118 1143 356 1212 porticus
409 1142 624 1213 longior
677 1142 866 1212 iungit.
955 1141 1020 1193 ad
1075 1141 1253 1210 ipsum
1307 1141 1475 1193 solem
1529 1142 1814 1193 revertere:

117 1217 277 1285 hunc,
315 1235 473 1286 quem
512 1220 627 1269 toto
667 1219 928 1269 terrarum
967 1214 1094 1268 orbe
1133 1215 1389 1267 maiorem
1427 1215 1622 1283 probat
1659 1215 1814 1283 ratio,

51 1312 95 1345 15
119 1292 257 1344 acies
306 1295 490 1344 nostra
539 1291 615 1344 sic
667 1291 954 1358 contraxit,
1003 1293 1064 1342 ut
1110 1289 1375 1358 sapientes
1422 1289 1524 1341 viri
1571 1289 1817 1358 pedalem

117 1384 231 1419 esse
265 1366 666 1434 contenderent3
706 1383 866 1433 quem
897 1364 1295 1417 velocissimum
1328 1363 1569 1416 omnium
1602 1363 1817 1433 scimUS,

117 1458 274 1493 nemo
312 1443 556 1493 nostrum
596 1439 798 1492 moveri
837 1439 1006 1506 videt,
1055 1455 1154 1491 nec
1192 1438 1268 1491 ire
1308 1438 1664 1506 crederemus,
1711 1437 1816 1491 nisi

118 1517 396 1583 appareret
426 1515 543 1567 isse.
613 1514 871 1566 mundum
903 1513 1080 1582 ipsum
1112 1512 1394 1582 praecipiti
1425 1513 1706 1566 velocitate
1737 1513 1816 1564 la-

118 1589 331 1642 bentem
371 1591 425 1642 et
463 1592 611 1641 ortus
651 1606 975 1657 occasusque
1015 1588 1156 1640 intra
1193 1590 1524 1639 momentum
1557 1587 1814 1656 temporis

49 1683 96 1717 20
119 1663 479 1716 revolventem
511 1681 668 1716 nemo
699 1666 943 1715 nostrum
977 1662 1139 1715 sentit
1169 1661 1468 1730 procedere.
1524 1661 1652 1730 quid
1685 1679 1814 1732 ergo

118 1738 342 1805 miraris,
381 1737 426 1790 si
460 1738 601 1790 oculi
633 1737 803 1790 nostri
836 1736 1090 1789 imbrium
1123 1736 1395 1789 stillicidia
1423 1754 1535 1788 non
1566 1739 1815 1804 separant

117 1815 172 1865 et
193 1812 331 1880 (ex)
356 1811 558 1883 ingenti
592 1812 765 1880 spatio
799 1811 1128 1864 intuentibus
1157 1811 1484 1863 minutarum
1517 1809 1814 1881 imaginum

118 1886 402 1939 discrimen
441 1886 657 1940 interit?
716 1886 850 1938 illud
882 1885 1105 1938 dubium
1137 1904 1250 1938 esse
1281 1885 1418 1937 nulli
1457 1888 1651 1954 potest,
1684 1885 1816 1954 quin

118 1977 268 2014 arcus
316 1961 493 2031 imago
542 1961 670 2013 solis
718 1961 788 2013 sit
833 1960 1042 2013 roscida
1088 1963 1141 2013 et
1187 1978 1316 2013 cava
1359 1959 1500 2012 nube
1539 1963 1809 2028 concepta.

48 2054 93 2089 ιο
117 2035 260 2104 quod
300 2054 364 2088 ex
403 2035 507 2088 hoc
546 2035 645 2088 tibi
682 2037 955 2104 appareat:
993 2053 1287 2103 numquam
1317 2052 1427 2086 non
1459 2034 1678 2087 adversa
1710 2034 1811 2087 soli

117 2113 219 2176 est,
267 2109 511 2163 sublimis
558 2114 651 2162 aut
695 2109 937 2178 humilis,
983 2112 1145 2179 prout
1192 2109 1282 2162 ille
1330 2127 1385 2162 se
1433 2108 1682 2162 submisit
1722 2111 1814 2161 aut

118 2184 350 2252 sustulit,
390 2184 447 2236 in
485 2185 808 2237 contrarium
848 2187 1015 2254 mota3
1055 2184 1150 2236 illo
1184 2184 1325 2236 enim
1358 2183 1708 2236 descendente
1742 2184 1815 2235 al-

117 2259 223 2311 tior
246 2262 343 2327 est,
373 2259 482 2311 alto
515 2259 825 2328 depressior.
879 2276 1035 2328 saepe
1067 2258 1190 2311 talis
1221 2257 1389 2310 nubes
1423 2276 1453 2310 a
1483 2258 1647 2311 latere
1681 2258 1810 2311 solis

118 2336 198 2386 est
228 2349 326 2386 nec
357 2351 538 2387 arcum
564 2333 744 2402 efficit,
768 2333 894 2402 quia
923 2351 1034 2386 non
1057 2351 1122 2386 ex
1145 2335 1290 2386 recto
1316 2332 1605 2403 imaginem
1630 2331 1808 2385 trahit.

48 2428 95 2462 ιο
230 2407 454 2461 varietas
488 2411 664 2461 autem
695 2425 805 2460 non
837 2407 904 2460 ob
938 2407 1097 2460 aliam
1129 2424 1342 2460 causam
1383 2407 1459 2475 fit,
1492 2425 1652 2476 quam
1685 2407 1811 2475 quia

237 2587 259 2626 1
291 2586 337 2627 ct
390 2597 471 2627 om.
506 2586 616 2628 Boe
647 2586 661 2639 ΙΙ
692 2587 719 2627 4
753 2597 777 2627 e
813 2585 859 2643 o]
892 2598 975 2629 om..
1010 2587 1049 2629 Δ
1094 2587 1107 2642 ΙΙ
1146 2589 1171 2627 7
1207 2584 1325 2642 esse]
1360 2588 1466 2628 ante
1497 2597 1590 2627 non
1623 2586 1695 2625 Bc
1726 2598 1810 2627 om.

119 2646 192 2687 Δε
231 2646 248 2710 ΙΙ
284 2647 312 2685 9
362 2656 549 2687 ocorum
577 2643 773 2688 Gronov.
821 2642 1026 2687 colorum
1061 2647 1066 2699 Ι
1103 2643 1266 2701 etiam]
1292 2646 1339 2687 et
1362 2646 1436 2687 Δε
1475 2645 1489 2700 ΙΙ
1530 2646 1581 2685 10
1606 2642 1811 2700 quoque]

117 2701 331 2758 quotidie
349 2701 586 2757 Schultess,
608 2702 687 2747 sed
708 2704 766 2758 cf.
787 2702 981 2748 Killmer
996 2704 1058 2747 ΙΙ
1071 2707 1188 2748 1053
1212 2704 1226 2759 ΙΙ
1250 2707 1302 2746 12
1328 2701 1631 2759 colu(m)pna-
1657 2702 1773 2746 trad.
1799 2703 1813 2757 ΙΙ

119 2765 170 2804 18
202 2760 386 2819 longior
417 2761 590 2821 iungit]
623 2775 747 2806 -ores
779 2762 980 2822 iungunt
1004 2765 1044 2807 Δ
1077 2765 1091 2819 ΙΙ
1122 2767 1173 2806 14
1205 2762 1315 2806 orbe
1348 2765 1577 2806 terrarum
1609 2762 1707 2806 coll.
1735 2763 1774 2803 Δ
1799 2763 1814 2817 Η

120 2824 170 2863 15
204 2820 290 2879 sic]
322 2836 405 2865 om.
439 2822 476 2865 ό
523 2826 537 2877 ΙΙ
582 2826 631 2865 17
667 2823 894 2881 nostrum]
927 2825 1189 2867 nostrorum
1221 2823 1374 2876 ςλΡΖ
1417 2823 1431 2877 ΙΙ
1473 2825 1531 2865 20
1564 2821 1695 2878 ergo]
1727 2834 1811 2863 om.
1899 2861 1905 2868 ,

121 2881 162 2923 Δ
201 2882 216 2934 fl
253 2884 304 2923 21
337 2879 575 2940 imbrium]
620 2881 981 2925 innumerabilia
1014 2884 1053 2926 Δ
1100 2884 1114 2938 11
1161 2885 1218 2925 22
1250 2895 1305 2924 ex
1346 2881 1451 2925 add.
1486 2884 1514 2923 z
1562 2883 1575 2935 Η
1623 2884 1678 2923 23
1713 2893 1814 2923 csse

121 2937 313 2982 dubium
348 2940 445 2984 coll.
480 2942 594 2985 er).
640 2943 654 2996 ΙΙ
700 2945 756 2984 27
791 2940 838 2984 in
873 2956 909 2985 c.
944 2942 1092 2999 mota]
1125 2940 1358 2985 contrario
1390 2943 1518 2985 motu
1553 2942 1591 2982 Δ

213 3021 397 3055 §numm
422 3030 622 3055 nui-rmum.
648 3031 812 3060 eunus-r.
838 3023 896 3057 ed.
922 3023 983 3057 Ge
996 3025 1116 3056 reke.
1519 3020 1542 3056 2

1849 408 1878 449 9

1850 1153 1906 1193 10

1849 1898 1902 1936 11

1846 2419 1899 2458 12

1911 993 1928 1110 ἱ
