1988 3138
0 0 1988 28 ,.-..------

472 160 712 206 ΝΑΤΠΒ.-
734 159 984 215 QUAEs'r.
1017 159 1129 204 ΠΒ.
1162 159 1231 215 Π.,,
1252 162 1452 205 52-54.,
1739 157 1812 211 85

108 286 215 338 icta
252 288 461 337 tantum
502 283 700 336 cadunt
738 282 831 335 sed
870 285 924 335 et
969 281 1164 334 afflata.
1241 284 1515 350 praeterea
1555 298 1812 349 quocum-

110 378 213 428 que
253 358 451 412 decidit
488 358 718 425 fulmen,
761 357 838 409 ibi
878 356 1096 409 odorem
1138 374 1253 408 esse
1291 354 1567 424 sulphuris
1607 358 1813 408 certum

109 438 204 503 est,
238 434 333 502 qui
366 433 496 501 quia
524 435 718 484 natura
748 432 926 502 gravis
966 434 1061 499 est,
1101 430 1312 498 saepius
1345 429 1568 483 haustus
1602 430 1811 482 alienat.

221 506 327 561 Sed
359 507 425 559 ad
455 507 588 560 haec
611 507 767 559 vacui
798 508 1138 559 revertemur.
1195 504 1422 558 fortasse
1446 504 1590 558 enim
1621 504 1815 557 libebit
1846 518 1871 556 3

62 604 83 637 5
109 582 409 649 ostendere,
447 599 610 650 quam
650 581 832 633 omnia
871 581 974 632 ista
1013 598 1044 631 a
1089 577 1437 648 philosophia
1473 582 1695 648 parente
1735 597 1814 631 ar-

108 658 243 709 tium
283 655 561 709 fluxerint:
601 655 695 707 illa
734 655 969 724 primum
1009 657 1064 707 et
1104 654 1371 721 quaesivit
1410 671 1595 706 causas
1635 671 1813 706 rerum

108 735 162 784 et
200 731 504 784 observavit
542 730 761 783 effectus
802 732 876 798 et,
918 727 1065 797 quod
1103 729 1160 780 in
1198 728 1442 780 fulminis
1482 728 1814 796 inspectione

107 806 269 876 longe
308 805 499 858 melius
540 808 634 872 est,
675 804 842 856 initiis
881 821 1060 856 rerum
1100 802 1274 855 exitus
1316 803 1576 877 contulit..

167 937 170 939 ,
218 879 305 932 54.
336 878 500 932 Nunc
523 879 590 931 ad
614 879 924 947 opinionem
948 876 1287 930 Posidonii
1317 879 1568 930 revertor.
1622 896 1650 930 e
1674 880 1815 930 terra
1849 891 1873 931 1

40 977 83 1010 ιο
108 954 439 1022 terrenisque
491 954 741 1006 omnibus
795 971 919 1021 pars
977 951 1159 1004 umida
1206 951 1434 1019 efflatur,
1491 970 1614 1020 pars
1674 953 1816 1004 sicca

108 1032 163 1082 et
199 1028 427 1081 fumida:
477 1027 611 1081 haec
650 1027 970 1080 fulminibus
1010 1027 1326 1079 alimentum
1367 1030 1461 1094 est,
1500 1026 1595 1078 illa
1635 1026 1816 1078 imbri-

107 1103 221 1155 bus.
286 1103 544 1171 quicquid
583 1103 640 1154 in
679 1106 801 1154 aera
839 1102 965 1154 sicci
1006 1101 1312 1169 famosique
1351 1101 1610 1170 pervenit,
1651 1100 1706 1152 id
1738 1101 1815 1153 in-

107 1177 251 1230 cludi
293 1196 348 1231 se
387 1178 622 1230 nubibus
662 1195 772 1229 non
811 1175 1047 1230 fert-sed
1083 1176 1289 1244 rumpit
1329 1175 1651 1228 claudentia:
1692 1175 1815 1228 inde

108 1255 191 1305 est
228 1270 407 1318 sonus,
448 1270 607 1320 quem
649 1270 747 1304 nos
787 1251 1046 1303 tonitrum
1087 1268 1355 1303 vocamus.
1428 1251 1485 1302 in
1524 1251 1641 1319 ipso
1685 1268 1814 1318 quo-
1847 1263 1871 1301 2

38 1348 80 1381 1⁵
107 1344 214 1394 que
245 1330 365 1379 aere
397 1326 662 1395 quicquid
694 1328 1025 1392 extenuatur,
1065 1325 1228 1377 simul
1261 1325 1492 1377 siccatur
1531 1328 1584 1378 et
1617 1324 1814 1394 calefit3

104 1400 211 1453 hoc
251 1419 469 1469 quoque
519 1402 564 1453 si
617 1401 885 1453 inclusum
937 1403 1030 1467 est,
1082 1417 1248 1468 aeque
1288 1400 1470 1469 fugam
1514 1400 1723 1468 quaerit
1762 1403 1814 1452 et

106 1493 227 1527 cum
269 1494 401 1527 sono
442 1475 620 1528 evadit
660 1493 721 1528 ac
761 1474 920 1527 modo
960 1474 1267 1527 universum
1310 1474 1644 1542 eruptionem
1685 1474 1816 1526 facit

107 1567 278 1618 eoque
317 1550 684 1603 vehementius
729 1550 956 1618 intonat,
996 1549 1156 1601 modo
1198 1568 1294 1617 per
1332 1552 1509 1617 partes
1550 1552 1604 1602 et
1643 1549 1814 1601 minu-

105 1625 283 1676 tatim:
334 1643 461 1695 ergo
514 1625 752 1677 tonitrua
801 1624 890 1676 hic
940 1624 1160 1693 spiritus
1213 1624 1485 1692 exprimit,
1538 1623 1663 1676 dum
1716 1626 1806 1676 aut
1839 1636 1860 1675 3

38 1721 82 1752 ao
104 1700 311 1767 rumpit
359 1699 528 1752 nubes
580 1703 674 1751 aut
723 1699 989 1767 pervolat,
1040 1698 1303 1750 volutatio
1356 1701 1533 1751 autem
1591 1698 1812 1767 spiritus

107 1774 163 1825 in
213 1773 358 1826 nube
417 1774 657 1826 conclusi
709 1773 1134 1827 valentissimum
1188 1776 1268 1826 est
1318 1772 1579 1825 atterendi
1631 1790 1813 1842 genus.

106 1848 344 1900 tonitrua
382 1847 519 1900 nihil
560 1847 706 1900 aliud
746 1851 871 1900 sunt
917 1866 1077 1916 quam
1128 1848 1220 1900 citi
1260 1848 1395 1900 aeris
1444 1847 1673 1914 sonitUS,
1721 1847 1816 1915 qui

106 1923 241 1990 fieri,
290 1923 393 1974 nisi
446 1922 570 1975 dum
627 1926 719 1975 aut
770 1923 961 1976 teritur
1000 1926 1092 1975 aut
1130 1923 1414 1991 rumpitur,
1465 1940 1575 1974 non
1621 1925 1812 1990 potest.

224 2042 254 2081 9
286 2039 533 2084 Posidonii
556 2055 605 2096 p.
634 2042 698 2083 80
713 2054 775 2096 sq.
804 2040 863 2084 B.

223 2148 245 2185 1
277 2146 461 2187 tantum
495 2142 590 2186 icta
614 2144 712 2187 coll.
739 2145 779 2187 Δ
819 2147 824 2199 Ι
858 2144 1043 2187 cadunt
1087 2144 1262 2188 cadant
1285 2148 1320 2186 E
1360 2142 1523 2186 laedat
1546 2142 1772 2187 Schultess
1806 2146 1812 2195 ἱ

105 2206 154 2246 et
178 2201 343 2247 afflata
360 2202 419 2261 Δ]
448 2202 612 2247 afflata
629 2202 916 2261 osm’rae)
939 2203 1018 2247 suf
1049 2206 1130 2247 ata
1148 2205 1196 2257 λ,
1223 2203 1387 2247 afflata
1403 2201 1629 2247 vitientur
1649 2202 1784 2247 Gertz
1806 2206 1811 2258 Ι

105 2262 261 2320 quoe]
309 2262 637 2318 quodcumque
670 2265 745 2307 Δε
792 2265 807 2319 ΙΙ
852 2266 881 2307 2
921 2263 1040 2321 esse]
1087 2269 1192 2320 post
1235 2262 1386 2319 sulph.
1421 2263 1460 2307 δ
1500 2266 1607 2318 post
1637 2264 1710 2305 est
1742 2275 1769 2306 ε
1800 2263 1815 2318 ΙΙ

104 2325 131 2365 8
177 2326 347 2365 natura
387 2322 573 2390 ΔλρΖ]
623 2336 707 2366 om.
752 2323 799 2366 θ’
844 2325 859 2379 ΙΙ
912 2327 941 2366 4
980 2323 1097 2367 haec
1139 2323 1336 2427 6⁰52}
1379 2322 1468 2366 hoc
1514 2324 1528 2378 ΙΙ
1577 2326 1602 2364 5
1650 2323 1804 2378 quam'

104 2383 332 2436 quantum
359 2384 399 2426 Δ
437 2385 442 2434 Ι
478 2383 671 2439 artmml
703 2396 788 2427 om.
808 2384 848 2426 Δ
880 2384 895 2439 ΙΙ
926 2386 954 2427 6
984 2382 1205 2426 fluxerint
1251 2382 1286 2425 Ι.
1334 2382 1534 2426 ,Μᾶῑῑεν
1549 2381 1700 2438 Symb.
1720 2382 1791 2425 15

105 2440 338 2485 fluxerunt
367 2444 382 2497 u
414 2445 439 2484 8
473 2441 564 2499 est]
597 2455 679 2486 om.
707 2444 825 2485 nto
862 2444 867 2497 Ι
902 2441 1052 2487 initiis
1077 2443 1358 2501 AE(J‘-')QZ]
1398 2441 1551 2485 unciis
1582 2440 1638 2484 12²
1678 2440 1814 2484 uiciis

103 2501 182 2545 111
221 2500 355 2545 uitiis
378 2504 421 2544 Π
460 2500 605 2544 initus
629 2503 663 2543 B
687 2503 702 2557 11
725 2505 753 2544 9
779 2500 1042 2546 Possidonii
1076 2503 1215 2560 trad]
1241 2504 1298 2556 cf.
1319 2501 1580 2546 Aristotelis
1603 2500 1815 2546 doctrina

11 2599 16 2601 .
107 2563 179 2613 12,
203 2563 325 2604 4-6
354 2561 460 2615 sort.
494 2576 524 2603 α
557 2561 810 2606 Posidonio
842 2561 1018 2606 tradita
1064 2563 1078 2618 ΙΙ
1125 2566 1169 2604 11
1210 2561 1410 2619 fumida]
1456 2564 1666 2605 remanet
1705 2559 1814 2605 add.

106 2619 216 2663 ΔΙ*
269 2619 301 2664 s.
344 2624 522 2664 remeat
560 2620 729 2664 Schult.
779 2622 793 2676 ΙΙ
840 2624 891 2664 18
934 2620 1157 2676 nubibus}
1207 2625 1358 2665 0m.1’
1405 2623 1418 2678 ΙΙ
1465 2625 1517 2664 14
1564 2620 1803 2665 tonitrum

105 2682 281 2723 ·truum
307 2682 463 2724 3802
495 2683 509 2735 ΙΙ
540 2684 590 2722 15
624 2679 781 2725 calefit
804 2681 946 2739 nr]
979 2680 1108 2725 calfit
1131 2685 1257 2724 1²11?
1293 2680 1417 2725 calet
1441 2683 1480 2725 A
1514 2682 1528 2737 ΙΙ
1559 2684 1610 2723 18
1645 2692 1793 2735 aeque

104 2754 188 2782 om.
208 2740 248 2783 A
274 2741 290 2795 fl
311 2743 360 2782 17
387 2739 659 2783 uniuersum
683 2743 713 2782 2
740 2745 793 2785 ut
816 2740 932 2785 coni.
952 2741 1311 2798 Zimmermamz]
1336 2740 1605 2784 uniuersam
1627 2742 1718 2797 (-sa
1735 2741 1816 2795 1²)ss

104 2800 164 2840 20
196 2796 451 2858 uolutatio]
487 2798 666 2842 uolatio
698 2801 738 2843 A
782 2797 1048 2845 uoluntatio
1080 2801 1116 2845 λ
1162 2803 1176 2857 ΙΙ
1222 2804 1274 2843 21
1306 2799 1506 2869 ualent]
1549 2798 1812 2843 uehement.

106 2858 145 2899 A
185 2859 201 2913 Ι
236 2860 296 2901 88
325 2857 554 2926 tonitrua]
597 2858 721 2902 enim
752 2858 860 2903 add.
895 2862 931 2903 Β
979 2862 1033 2905 ut
1063 2862 1178 2918 puto
1211 2859 1317 2904 add.
1344 2863 1374 2902 z
1406 2864 1446 2903 et
1477 2873 1529 2903 m
1552 2857 1769 2931 mart-912
1805 2861 1811 2914 Ι

105 2916 185 2972 qui
219 2915 316 2960 fieri
350 2917 410 2975 A]
444 2918 553 2961 sern
589 2919 644 2961 Φ
689 2920 740 2962 at
771 2918 884 2963 cieri
921 2919 999 2964 Ge.
1047 2921 1062 2975 ΙΙ
1109 2924 1167 2964 23
1202 2918 1371 2963 teritur
1406 2919 1485 2963 Ge.
1518 2932 1576 2963 sc.
1611 2918 1701 2974 ἀηρ
1734 2932 1813 2961 πε-

105 2974 312 3033 πληγμέν
328 2992 377 3027 co
426 2977 559 3032 terit,
589 2977 702 3021 terit
734 2981 817 3023 aut
846 2978 1023 3037 rumpit
1056 2981 1150 3025 Leo
