1988 3138
547 67 773 112 NATUR.
807 66 1061 121 QUAEST.
1094 67 1207 111 LIB.
1238 66 1316 111 VI.
1350 71 1391 112 2.
1424 71 1466 121 3.
1748 65 1854 119 199

150 195 233 245 est
280 194 466 261 optare
512 190 786 260 publicam
834 189 1061 257 cladem,
1109 189 1202 242 sed
1249 189 1376 258 quia
1426 189 1615 259 ingens
1663 189 1852 241 mortis

151 267 407 318 solacium
449 269 530 319 est
567 268 763 318 terram
804 281 1017 332 quoque
1055 263 1236 316 videre
1275 264 1570 317 mortalem.

261 341 309 392 3.
372 338 517 392 Illud
555 357 773 408 quoque
811 337 1052 407 proderit
1088 356 1426 407 praesumere
1467 339 1645 390 animo
1653 380 1668 406 ‚
1713 337 1854 390 nihil

150 415 342 467 horum
383 414 510 467 deos
548 414 737 481 facere,
776 431 875 466 nec
915 413 994 464 ira
1031 413 1315 464 numinum
1357 414 1448 464 aut
1490 413 1696 465 caelum
1729 430 1852 465 con·

105 513 126 545 5
151 490 285 543 verti
325 492 419 541 aut
463 491 681 541 terram:
729 506 850 540 suas
891 486 994 539 ista
1033 504 1217 539 causas
1264 486 1466 539 habent
1503 505 1602 540 nec
1650 506 1715 540 ex
1755 488 1852 539 im-

150 565 299 632 perio
340 564 586 616 saeviunt
624 562 718 615 sed
758 561 1078 630 quibusdam
1117 561 1264 614 vitiis
1304 565 1366 613 ut
1405 579 1631 630 corpora
1668 565 1852 614 nostra

148 638 433 690 turbantur
471 641 525 690 et
562 641 707 704 tunc,
747 654 869 690 cum
909 636 1083 688 facere
1114 635 1364 688 videntur
1403 637 1670 704 iniuriam,
1711 637 1852 690 acci-

147 714 318 782 piunt.
394 712 553 764 nobis
601 715 780 764 autem
829 710 1203 781 ignorantibus
1243 728 1428 762 verum
1478 711 1659 763 omnia
1699 711 1852 764 terri-

148 787 342 840 biliora
380 789 528 854 sunt,
574 787 761 854 utique
802 803 1031 853 quorum
1071 787 1275 838 metum
1315 785 1508 837 raritas
1549 788 1731 855 auget:
1778 787 1851 838 16-

81 887 124 918 10
147 862 265 914 vius
297 861 547 915 accidunt
586 861 886 927 familiaria,
927 858 1029 928 [et]
1063 878 1128 912 ex
1159 860 1380 912 insolito
1413 859 1646 912 formido
1679 861 1853 912 maior

147 940 241 989 est.
305 953 470 1004 quare
509 939 688 988 autem
722 936 1010 1003 quicquam
1050 934 1207 986 nobis
1248 935 1528 986 insolitum
1568 934 1685 987 est?
1726 935 1851 1003 quia

145 1014 389 1063 naturam
422 1011 609 1077 oculis,
646 1028 757 1062 non
786 1010 1009 1072 ratione,
1043 1009 1544 1078 comprehendimus
1576 1027 1676 1062 nec
1708 1010 1851 1080 cogi-

144 1088 336 1152 tamuS,
378 1084 508 1153 quid
547 1084 641 1136 illa
676 1085 851 1137 facere
889 1083 1076 1153 possit,
1117 1083 1210 1136 sed
1240 1086 1452 1136 tantum
1486 1083 1617 1151 quid
1647 1084 1847 1137 fecerit.

145 1159 332 1212 damus
359 1160 540 1228 itaque
571 1158 732 1211 huius
756 1159 1128 1229 neglegentiae
1159 1176 1360 1227 poenas
1392 1161 1668 1226 tamquam
1693 1160 1848 1211 novis

80 1259 121 1291 15
146 1236 336 1302 territi,
368 1252 490 1286 cum
523 1235 617 1286 illa
647 1252 758 1286 11011
791 1234 898 1285 sint
929 1251 1070 1285 nova
1101 1233 1194 1285 sed
1225 1233 1456 1285 insolita.
1521 1233 1651 1302 quid
1682 1233 1848 1304 ergo?

145 1327 256 1361 non
308 1308 623 1379 religionem
682 1309 875 1360 incutit
925 1307 1195 1360 mentibus
1243 1311 1296 1361 61
1346 1307 1562 1375 quidem
1616 1308 1848 1378 publice,

145 1385 256 1437 sive
296 1383 520 1437 deficere
561 1381 640 1435 sol
681 1384 826 1435 visus
867 1385 963 1450 est,
1003 1383 1115 1435 sive
1154 1383 1299 1450 luna,
1339 1383 1491 1435 cuius
1537 1383 1846 1436 obscuratio

143 1459 491 1527 frequentior,
542 1462 635 1510 aut
671 1461 823 1527 parte
863 1457 946 1509 sui
986 1460 1079 1509 aut
1116 1459 1233 1509 tota
1279 1456 1530 1510 delituit?
1579 1458 1847 1527 longeque

144 1534 315 1603 magis
356 1533 472 1600 illa,
512 1536 660 1585 actae
700 1533 758 1584 in
794 1535 1157 1584 transversum
1197 1532 1340 1585 faces
1381 1535 1433 1585 et
1473 1533 1606 1584 caeli
1653 1551 1847 1603 magna

72 1632 118 1664 κο
142 1626 266 1677 pars
315 1608 505 1660 ardens
552 1610 606 1659 61
652 1607 846 1659 crinita
885 1606 1057 1659 sidera
1097 1609 1150 1659 et
1194 1607 1375 1675 plures
1417 1607 1545 1659 solis
1591 1608 1744 1659 orbes
1794 1610 1846 1660 et

140 1683 328 1736 stellae
380 1701 478 1751 per
532 1682 671 1734 diem
719 1682 864 1734 visae
919 1681 1191 1749 subitique
1246 1683 1582 1734 transcursus
1636 1682 1843 1752 ignium

140 1757 365 1810 multam
412 1760 538 1826 post
577 1774 633 1809 se
679 1755 854 1810 lucem
893 1755 1235 1808 trahentium.
1314 1754 1453 1808 nihil
1495 1755 1689 1809 horum
1729 1757 1843 1810 sine

140 1832 333 1885 timore
365 1833 645 1884 miramur:
686 1834 739 1884 et
771 1850 892 1885 cum
926 1830 1151 1883 timendi
1184 1831 1255 1883 sit
1287 1849 1446 1883 causa
1475 1831 1694 1895 nescire,
1733 1849 1845 1883 non

140 1909 222 1960 est
260 1907 396 1959 tanti
429 1907 580 1972 scire,
617 1908 686 1959 116
724 1905 952 1959 timeas?
995 1908 1198 1972 quanto
1233 1906 1399 1958 satius
1433 1908 1515 1959 est
1547 1923 1732 1958 causas
1765 1907 1844 1959 in-

72 2005 115 2038 25
141 1981 351 2050 quii-ere
390 1984 446 2034 et
486 1980 703 2050 quidem
743 1983 861 2033 toto
896 1981 952 2032 in
990 1979 1095 2032 hoc
1127 1980 1393 2033 intentum
1426 1980 1627 2033 animo:
1666 1998 1843 2049 neque

140 2057 280 2109 enim
323 2056 418 2109 illo
451 2057 742 2125 quicquam
781 2054 1011 2108 inveniri
1044 2054 1258 2125 dignius
1289 2058 1485 2124 potest,
1526 2055 1613 2109 cui
1646 2074 1700 2108 se
1732 2074 1842 2108 non

138 2134 348 2183 tantum
388 2130 693 2184 commodet
733 2130 824 2183 sed
864 2129 1150 2199 impendat.

258 2251 287 2291 4
318 2248 375 2302 cf.
410 2248 588 2292 Aetnae
625 2261 694 2291 vv.
717 2249 903 2291 29—33
926 2248 941 2303 ΙΙ
972 2250 1024 2289 12
1063 2248 1121 2301 cf.
1156 2247 1331 2291 Aetnae
1370 2260 1410 2290 v.
1435 2249 1528 2291 224
1567 2261 1661 2291 non
1699 2247 1844 2292 oculis

135 2308 282 2352 solum
311 2307 537 2364 pecudum
570 2307 786 2350 miranda
811 2307 930 2351 tueri
952 2320 1073 2350 more
1095 2308 1111 2362 11
1135 2310 1312 2350 24-27
1338 2308 1394 2362 cf.
1415 2308 1591 2351 Aetnae
1614 2322 1652 2351 v.
1669 2309 1839 2363 226851.

377 2381 507 2412 noe-se
536 2366 667 2422 tidem
700 2380 851 2411 rerum
885 2365 1136 2423 dubiasque
1166 2366 1400 2422 exquirere
1430 2379 1608 2421 causas,

378 2427 616 2485 inqenium
646 2440 830 2471 sacrare
861 2431 1085 2482 caputque
1116 2426 1318 2471 attollere
1348 2426 1471 2471 caelo
1503 2440 1589 2483 eqs.

258 2534 287 2574 2
309 2532 444 2576 mort.
463 2530 560 2574 uid.
578 2531 676 2575 coll.
695 2530 734 2574 δ
758 2531 772 2586 ΙΙ
795 2533 823 2573 4
848 2530 1080 2588 conuerti]
1105 2529 1292 2574 concuti
1310 2531 1349 2574 δ
1372 2531 1385 2586 ΙΙ
1411 2534 1438 2574 6
1456 2530 1558 2589 sed]
1576 2543 1630 2574 ex
1649 2531 1755 2574 add.
1772 2532 1810 2575 δ
1826 2532 1840 2587 ΙΙ

140 2593 167 2632 8
192 2591 374 2649 uerum]
398 2590 559 2647 un(de)
583 2589 779 2634 ueniant
801 2590 840 2634 δ
862 2593 878 2646 ΙΙ
901 2594 929 2633 9
954 2588 1127 2648 leuius]
1151 2589 1304 2633 lenius
1321 2593 1457 2658 1119
1481 2591 1496 2646 ΙΙ
1520 2594 1571 2633 10
1589 2590 1655 2647 61]
1682 2604 1765 2635 om.
1785 2592 1837 2645 δ,

137 2651 243 2703 fort.
276 2650 358 2694 sed
385 2651 463 2696 Ge.
488 2653 504 2706 η
527 2654 573 2693 11
596 2648 732 2693 nobis
755 2650 897 2708 ΕλΡ]
930 2663 1013 2693 οιη.
1040 2653 1202 2693 ἙἮΕΤ
1234 2655 1341 2694 ante
1372 2663 1526 2706 quicq.
1554 2650 1592 2694 δ’
1609 2646 1799 2695 Skutsch
1824 2653 1838 2706 ΙΙ

138 2713 190 2752 12
214 2709 589 2767 comprendimus
607 2709 797 2754 Skutsch
813 2710 827 2765 ΙΙ
850 2713 900 2752 17
926 2708 1027 2753 siue
1053 2709 1118 2768 d.]
1145 2709 1184 2752 si
1211 2708 1254 2753 d.
1280 2713 1366 2752 ΕΗ
1394 2711 1398 2766 Ι
1427 2709 1517 2768 sol]
1540 2715 1642 2765 post
1666 2711 1737 2754 est
1762 2710 1800 2754 δ
1823 2711 1837 2766 ΙΙ

138 2773 188 2811 18
206 2767 320 2827 det]
338 2767 521 2814 dilituit
536 2770 571 2813 λ
594 2772 609 2826 fl
632 2773 684 2812 19
701 2767 803 2826 illa]
823 2767 934 2812 illae
952 2769 1181 2814 Erasmus
1201 2771 1205 2825 1
1226 2784 1285 2812 111.
1303 2782 1414 2825 pars
1432 2770 1576 2828 θρΖ]
1598 2784 1640 2826 p.
1657 2784 1714 2813 m.
1727 2770 1808 2813 ὅ),
1822 2771 1836 2825 ΙΙ

136 2832 196 2871 20
227 2827 324 2872 orb.
357 2827 469 2872 solis
499 2830 598 2874 coll.
624 2829 662 2873 δ
693 2831 707 2884 ΙΙ
738 2831 795 2872 28
827 2827 1047 2888 timendi]
1086 2827 1243 2871 timidi
1275 2829 1357 2873 ὄλ
1388 2831 1403 2882 ΙΙ
1435 2832 1493 2872 24
1526 2829 1615 2886 est]
1650 2843 1731 2872 om.
1765 2842 1799 2887 ρ
1821 2830 1836 2886 ΙΙ

136 2892 194 2931 25
226 2889 479 2948 intentum]
510 2890 580 2933 -to
605 2889 643 2934 ό
666 2890 762 2945 1128
794 2886 897 2947 1110]
930 2901 984 2932 60
1009 2889 1047 2932 ό·
1070 2891 1084 2945 ΙΙ
1108 2892 1163 2932 27
1198 2886 1329 2947 imp]
1363 2888 1506 2933 ctiam
1538 2887 1775 2945 expendat
1798 2889 1837 2933 ό·
