1988 3138
531 93 760 139 NATUR„
792 92 1046 148 QUAEST.
1075 93 1186 137 LIB.
1218 92 1339 139 IVa.
1372 98 1412 139 2.
1718 93 1824 146 157

118 236 236 271 eum
282 220 503 287 pertusa
546 217 656 270 sint
707 219 899 269 cuncta
953 218 1007 269 et
1060 216 1290 269 invicem
1345 217 1663 282 commeent,
1717 233 1828 268 non

122 293 372 345 omnibus
402 292 536 345 locis
569 294 768 344 aestate
799 291 1003 343 maiora
1042 291 1151 342 sint
1188 290 1423 342 flumina.
1495 287 1825 360 ‘Aegyptum

121 368 206 420 sol
242 367 415 437 magis
453 366 760 435 percoquit:
803 365 987 433 itaque
1024 363 1185 417 Nilus
1225 365 1396 435 magis
1438 364 1662 416 crescit'.
1734 364 1827 416 sed

0 484 6 495 .
121 440 429 510 <quomodo
467 439 586 492 fieri
623 442 829 508 potest,
867 442 929 491 ut
968 439 1270 507 absumptis
1309 439 1462 507 aquis
1502 456 1613 491 non
1651 437 1826 491 solum

0 550 3 557 ψ
74 536 98 569 ι
123 515 215 568 hic
252 514 490 567 abundet
526 513 654 582 sed>
685 514 743 566 in
778 514 966 567 ceteris
1000 531 1220 582 quoque
1252 514 1406 566 terris
1440 514 1623 581 aliqua
1652 513 1828 565 flumi-

126 589 304 642 im'bus
335 589 431 641 fiat
461 588 729 642 adiectio?
792 588 981 641 deinde
1014 606 1177 657 quare
1209 589 1322 640 ulla
1351 607 1475 656 pars
1508 590 1679 640 terrae
1713 588 1827 641 sine

121 682 307 716 umore
347 667 442 731 est,
482 681 604 716 cum
644 663 819 715 omnis
851 663 918 714 ad
950 681 1005 716 se
1037 681 1102 715 ex
1142 663 1260 715 aliis
1290 662 1603 733 regionibus
1636 661 1828 730 trahat,

122 756 186 792 eo
221 737 437 806 quidem
470 738 642 821 magis
676 755 785 805 quo
826 737 1049 790 calidior
1078 736 1195 790 est‘?
1250 737 1438 790 deinde
1473 755 1636 804 quare
1668 735 1827 789 Nilus

123 812 295 866 dulcis
334 815 430 880 est,
469 812 515 864 si
553 811 686 864 haec
724 812 809 864 issi
839 831 868 864 e
900 812 1036 864 mari
1066 812 1210 885 unda
1248 811 1364 864 est‘?
1424 829 1523 864 nec
1555 812 1697 864 enim
1729 812 1829 863 ulli

52 908 99 942 ιο
121 886 334 939 flumini
373 854 580 939 disscior
617 889 850 957 gustus

96 990 125 1001 x

245 1034 294 1077 Ε
333 1034 575 1089 capthibus
619 1047 734 1090 quae
776 1034 829 1076 in
872 1033 988 1076 lbro
1031 1033 1273 1090 archetypo
1308 1034 1572 1089 perierunt,
1612 1033 1723 1077 haee
1753 1046 1828 1076 ex-

122 1098 275 1149 cerpta
314 1093 366 1136 in
405 1093 572 1137 librum
612 1097 666 1136 de
705 1093 932 1137 men-§ebus
967 1098 1182 1149 quartum
1219 1098 1446 1149 receperat
1484 1093 1582 1137 Ioh.
1616 1092 1827 1136 Lauren-

122 1154 217 1197 tius
247 1152 411 1209 Lydus
441 1167 540 1208 cap.
574 1156 636 1196 68
669 1156 732 1209 (p.
762 1156 851 1197 146
877 1152 994 1207 W.).·

236 1213 265 1267 ὁ
307 1214 369 1267 δὲ
400 1211 756 1283 Ἡρόδοτος
795 1214 893 1282 (ΙΙ
918 1215 1018 1283 24)
1059 1215 1206 1283 παρὰ
1245 1213 1471 1267 πάντων
1508 1223 1622 1266 τῶν
1660 1232 1827 1267 ποτα-

0 1306 5 1339 .’
57 1309 101 1343 ιε
124 1298 246 1356 μῶν
284 1287 467 1342 ἕλκειν
503 1289 603 1342 τὸν
648 1289 809 1357 ἥλιον
848 1289 909 1342 τὸ
956 1288 1132 1358 ὑγρόν
1171 1301 1334 1358 φησι,
1381 1289 1483 1358 τὴν
1528 1292 1829 1359 πρόσγειον

126 1364 298 1416 νότου
323 1364 501 1431 ζώνην
525 1362 902 1433 διατρέχοντα,
924 1364 1062 1434 πρὸς
1087 1360 1148 1416 δὲ
1172 1369 1249 1435 τῷ
1272 1363 1432 1434 θέρει
1455 1363 1592 1433 πρὸς
1617 1365 1831 1434 βορρᾶν

125 1436 449 1492 ἐκκλίνοντα
479 1436 834 1491 ἐκκαλεῖσθαι
866 1439 966 1491 τὸν
989 1441 1221 1492 Νεῖλον·
1256 1436 1346 1491 καὶ
1380 1439 1472 1491 διὰ
1497 1438 1705 1506 ταύτην
1728 1438 1831 1507 τὴν

124 1515 310 1566 αἰτίαν
348 1512 519 1565 αὐτὸν
561 1512 892 1582 ἀναχεῖσθαι
930 1513 1068 1566 κατὰ
1107 1513 1169 1565 τὸ
1209 1511 1392 1578 θέρος.

239 1587 293 1640 οἱ
344 1583 403 1640 δὲ
458 1587 823 1656 Αἰγύπτιοί
873 1600 1009 1655 φασι
1060 1589 1189 1650 τοὺς
1240 1587 1478 1656 (Bekker,
1525 1588 1622 1650 τὰς
1667 1587 1829 1656 trad.)

58 1682 104 1715 20
127 1659 381 1730 ἐτησίους
419 1662 598 1725 πάσας
638 1661 692 1725 ἐξ
733 1660 1039 1731 ὑπερτέρου
1080 1663 1175 1725 τὰς
1214 1661 1447 1731 νεφέλας
1487 1660 1575 1715 ἐπὶ
1607 1662 1707 1715 τὸν
1737 1665 1830 1716 νό-

128 1755 230 1789 τον
259 1734 494 1800 ἐξωθεῖν
517 1734 607 1789 καὶ
640 1734 861 1789 ἐκεῖθεν
891 1738 1116 1807 βαρείας
1147 1735 1596 1807 καταφερομένης
1627 1739 1830 1807 βροχῆς

126 1810 458 1879 ἀναβλύζειν
495 1811 595 1863 τὸν
634 1814 858 1864 Νεῖλον.

245 1950 309 1994 ad
338 1950 385 2019 §⁸
401 1953 434 1994 2
463 1955 504 1994 et
534 1953 563 1993 4
596 1951 744 1995 Amm
772 1950 924 1995 Mam
949 1953 1027 2004 22,
1052 1953 1122 2004 15,
1150 1952 1202 1995 5:
1247 1951 1502 2006 adfirmant
1538 1951 1688 2008 aliqui
1710 1951 1831 2008 phy-

124 2010 318 2054 sicorum
366 2010 419 2053 in
462 2010 674 2054 subiectis
717 2010 1015 2066 septentrioni
1060 2011 1244 2066 spatiis,
1283 2024 1385 2054 cum
1422 2010 1585 2055 hiemes
1629 2011 1832 2068 friyidae

126 2074 293 2114 cuncta
322 2070 643 2127 constrinyunt
674 2072 715 2124 (-
725 2072 875 2128 yant
884 2069 1111 2124 Skutsch),
1143 2070 1484 2128 maynitudines
1513 2071 1692 2114 nivium
1723 2084 1831 2115 eon-

126 2128 349 2187 9elascere
371 2143 532 2186 easque
549 2134 708 2186 postea
732 2130 779 2173 vi
800 2130 1046 2187 flayrantis
1061 2129 1227 2174 sideris
1249 2130 1471 2174 resolutas
1492 2131 1635 2187 fluxis
1659 2130 1831 2174 umori-

129 2188 213 2233 bus
243 2188 383 2233 nubes
412 2189 587 2243 efficere
622 2189 864 2246 yram'das,
894 2203 1011 2245 quae
1041 2189 1093 2233 in
1125 2189 1429 2234 meridianam
1462 2190 1654 2247 plaqam
1684 2190 1832 2234 etesiis

126 2248 348 2303 [lantibus
384 2248 548 2305 pulsae
590 2262 910 2305 expressaeque
947 2254 1096 2305 tepore
1134 2250 1277 2293 nimio
1319 2250 1595 2294 incrementa
1636 2250 1829 2294 ubertim

126 2308 506 2412 xungefflno
537 2308 787 2411 munti}
814 2309 908 2412 23⁰2
922 2307 1113 2422 Stuehil
1130 2312 1292 2424 leoz-'ej
1321 2309 1452 2364 infra
1480 2323 1525 2366 p.
1554 2312 1676 2364 159).

421 2381 504 2411 am
641 2381 699 2411 rs.
922 2381 984 2424 sq.
1072 2381 1096 2412 e
1125 2382 1147 2411 e
1167 2382 1272 2413 esus
1303 2385 1317 2411 :

127 2426 197 2470 vel
227 2427 346 2484 quod
377 2427 435 2470 ab
467 2427 655 2472 occiduo
683 2427 863 2483 pellunt
893 2432 956 2471 tot
986 2427 1149 2472 nubila
1179 2428 1302 2473 caelo

129 2491 260 2530 trans
291 2492 430 2531 nolon
462 2491 503 2531 et
531 2489 673 2543 fluvio
704 2492 869 2545 coquat
900 2487 1157 2532 incumbere
1187 2488 1364 2533 nimbos
1396 2489 1474 2543 (cf.
1503 2487 1633 2532 Diels
1659 2502 1707 2544 p.
1736 2490 1828 2542 12).

250 2615 271 2653 1
296 2615 557 2657 commeent
581 2615 637 2666 (et
662 2617 798 2656 antea
823 2616 947 2669 cum)
965 2613 1163 2658 Fortwn.
1172 2613 1186 2671 ]
1218 2616 1484 2658 commeant
1511 2616 1563 2658 Φ
1601 2616 1616 2672 ΙΙ
1654 2618 1682 2657 2
1715 2614 1828 2671 sint]

132 2673 243 2714 sunt
283 2675 360 2727 ηΕ
406 2673 511 2726 sort.
557 2677 671 2716 rec-te
721 2674 727 2726 1
776 2672 1044 2729 Aegyptum
1078 2699 1132 2706 —
1167 2676 1193 2716 8
1239 2673 1406 2718 crescit
1438 2674 1640 2732 Dioyeni
1681 2674 1787 2717 dedi
1818 2675 1831 2730 ΙΙ

132 2729 373 2789 8itaqne]
404 2730 474 2774 ita
504 2736 582 2775 ΕΤ
613 2734 678 2787 114
711 2732 944 2788 quomodo
977 2758 1031 2765 —
1068 2737 1092 2775 5
1126 2732 1208 2776 sed
1268 2733 1374 2777 add.
1405 2735 1481 2778 Ge.
1518 2735 1533 2790 ΙΙ
1568 2737 1595 2776 6
1628 2733 1831 2777 adiectio

133 2789 230 2847 ΒΤ]
262 2788 464 2834 abiectio
510 2795 525 2847 ΙΙ
571 2796 596 2834 7
631 2792 702 2835 est
761 2806 843 2835 mn
878 2795 954 2835 ΕΤ
1000 2793 1015 2848 ΙΙ
1061 2796 1086 2834 8
1120 2792 1200 2849 qui
1238 2793 1330 2851 em]
1364 2793 1488 2849 quod
1521 2796 1588 2835 JP
1631 2806 1720 2847 que
1753 2807 1785 2849 η
1818 2794 1832 2849 ΙΙ

134 2853 162 2891 9
200 2848 337 2908 haec]
384 2848 471 2894 hoc
509 2854 670 2894 2111·
761 2849 830 2893 illi
871 2863 896 2894 c
936 2852 1136 2910 n(1.?)'l⁸]
1184 2850 1281 2896 illie
1314 2867 1339 2896 e
1372 2854 1448 2897 λΡ
1496 2851 1567 2895 illi
1615 2866 1720 2895 cum
1751 2857 1785 2895 Ε
1818 2853 1833 2908 ΙΙ

133 2911 186 2951 10
215 2908 401 2967 gustus]
436 2909 602 2954 desinit
638 2911 690 2953 ‹1›
