1988 3138
180 93 307 137 XXX
860 93 1200 138 PRAEFATIO

613 221 775 266 vernis
823 217 854 280 ξ
892 221 982 279 19,
1031 213 1072 267 G
1116 221 1171 268 in
1218 235 1326 268 cum
1371 225 1479 281 quis
1524 223 1677 284 praef.
1719 221 1750 284 ξ
1785 225 1877 283 13;

611 295 869 355 praeterea
908 294 1174 342 Etonensis
1221 297 1270 343 et
1307 296 1667 344 Escurialensis
1714 299 1879 345 totum

610 368 723 415 IVa
767 367 953 416 librum
1001 370 1259 432 omittunt,
1308 370 1394 418 sed
1430 371 1510 418 hic
1556 371 1609 417 in
1647 372 1878 420 Escuria-

608 441 734 489 lensi
761 442 822 489 ab
855 443 1014 490 altera
1044 458 1195 490 manu
1225 459 1380 506 usque
1407 445 1469 492 ad
1497 445 1607 493 tulit
1628 447 1879 494 arentibus

614 518 661 576 2,
689 518 718 564 9
761 516 958 564 additus
998 520 1086 565 est.

329 594 536 652 quartus
584 591 720 638 locus
759 590 811 637 Π
837 591 885 652 6,
911 592 966 651 5,
1013 591 1072 639 de
1121 607 1217 652 quo
1265 593 1384 639 olim
1431 592 1660 641 dubitavi
1707 587 1874 660 (Stud.

608 665 634 712 I
677 665 768 726 583
807 664 859 712 H
893 659 972 730 9),
1012 667 1148 714 totus
1187 665 1240 713 in
1281 659 1374 713 GH
1415 670 1587 715 exstat.

179 739 328 787 codex
375 733 415 787 F
466 741 620 787 ascita
668 737 712 786 Δ
760 740 955 787 familia
1005 739 1357 802 interpolatus,
1409 757 1534 789 unus
1581 736 1627 788 H
1673 758 1875 804 prorsus

178 815 394 862 sincerus
435 817 521 862 est.

289 918 368 966 Ab
401 919 561 966 altera
591 920 734 980 parte
767 920 904 966 stant
926 912 968 965 Ε
995 920 1045 966 et
1068 933 1120 982 η,
1146 920 1232 980 qui
1255 934 1354 967 uno
1379 919 1502 980 1000,
1525 919 1603 967 ΠΙ
1622 921 1707 981 26,
1733 921 1766 968 4
1783 937 1874 983 sq.,

179 992 352 1040 eadem
399 992 551 1041 verba
597 1007 695 1040 non
743 996 904 1040 tamen
944 1019 1013 1024 —
1056 996 1178 1040 certo
1225 996 1431 1053 tempore
1478 996 1750 1042 omiserunt
1789 988 1874 1061 (de

176 1066 290 1114 IVa
317 1069 366 1128 2,
393 1068 459 1115 27
503 1068 562 1117 cf.
599 1066 737 1114 stud.
770 1066 796 1114 Ι
824 1060 933 1131 72),
973 1068 1259 1129 saepissime
1289 1069 1343 1114 in
1374 1068 1642 1117 levioribus
1674 1085 1873 1132 corrup-

176 1141 290 1189 telis
331 1143 619 1203 conspirant
658 1134 743 1207 (cf.
787 1141 923 1189 stud.
948 1141 974 1188 Ι
1002 1135 1108 1204 73).

290 1216 473 1263 Mirum
514 1218 602 1275 est,
643 1216 775 1277 quod
814 1215 1037 1264 ordinem
1069 1216 1309 1264 librorum
1347 1216 1596 1277 triplicem
1635 1217 1877 1280 praebent

176 1290 323 1338 huius
364 1290 534 1351 stirpis
576 1290 780 1338 codices.
835 1284 880 1337 H
913 1291 1058 1350 enim,
1095 1292 1183 1352 qui
1222 1307 1251 1338 a
1286 1290 1590 1339 Grandinem
1627 1291 1738 1339 IVb
1767 1293 1814 1353 3,
1843 1296 1868 1340 1

175 1365 369 1427 incipit,
399 1365 653 1413 Vincentii
683 1364 1049 1412 Bellovacensis
1091 1364 1240 1412 codex
1281 1369 1498 1413 ceterum
1537 1367 1768 1414 similiter
1799 1369 1874 1414 at-

177 1455 271 1501 que
311 1433 352 1486 E
393 1439 746 1500 interpolatus,
785 1442 885 1487 tres
927 1454 956 1485 a
999 1438 1281 1487 Grandines
1322 1432 1459 1506 (5101)
1508 1440 1607 1488 0151
1645 1434 1686 1488 G
1726 1440 1872 1489 Eton.

175 1514 345 1562 Escur.
388 1514 611 1562 ordinem
650 1513 872 1561 familiae
909 1514 961 1561 Φ
993 1529 1110 1562 50110
1141 1529 1426 1575 perversum
1457 1514 1670 1563 fideliter
1709 1531 1874 1563 serva-

175 1591 355 1636 verunt
408 1581 582 1654 (atque
622 1588 855 1635 ultimum
904 1587 1088 1635 librum
1138 1587 1190 1634 hi
1232 1590 1319 1636 aut
1357 1590 1589 1636 mutilum
1636 1590 1876 1651 praebent

177 1665 264 1709 aut
301 1678 506 1724 prorsus,
542 1656 827 1729 omittunt):

541 1751 653 1799 IVb
692 1751 738 1796 V
778 1752 849 1799 VI
889 1751 1008 1812 VII,
1061 1751 1088 1799 Ι
1125 1751 1176 1798 II
1214 1751 1293 1799 III
1334 1745 1507 1818 (Iva).

102 1869 139 1919 η
180 1858 351 1903 contra
399 1855 588 1903 codices
635 1855 866 1919 vulgares
913 1869 950 1918 η
996 1853 1247 1916 prioribus
1301 1854 1442 1902 libris
1486 1855 1679 1903 I—III
1713 1857 1804 1917 25,
1840 1859 1869 1906 6

177 1945 202 1978 0
241 1927 286 1978 Δ
328 1930 538 1991 sumptis
577 1929 665 1977 hos
706 1928 994 1976 adnectunt:

431 2052 477 2060 --
541 2025 617 2073 111
659 2019 768 2091 (25,
796 2019 1010 2092 6—fin.)
1050 2026 1162 2072 IVa
1200 2025 1312 2072 IVb
1352 2026 1398 2072 v
1437 2025 1509 2072 v1
1548 2026 1657 2075 vn.

42 2117 135 2172 EF
176 2123 386 2185 denique
433 2117 525 2170 EF
571 2122 702 2170 hunc
748 2123 1051 2186 singularem
1099 2125 1148 2170 et
1187 2122 1246 2170 de
1294 2122 1499 2170 consilio
1540 2125 1871 2188 excogitatum

177 2198 398 2246 ordinem
437 2198 719 2260 proferunt:

666 2286 867 2347 I—III,
906 2285 1215 2346 IVb—VII,
1262 2285 1335 2332 IV
1345 2302 1387 2333 a.

175 2379 349 2439 itaque
399 2378 621 2438 quisquis
672 2377 800 2422 hunc
855 2375 1094 2422 librorum
1149 2375 1370 2422 ordinem
1424 2377 1728 2423 commentus
1782 2376 1870 2436 est,

176 2451 359 2499 librum
398 2452 631 2499 ultimum
670 2450 783 2498 IVa
823 2465 909 2497 suo
949 2450 1056 2497 loco
1089 2449 1307 2511 reliquit,
1347 2451 1532 2497 ceteros
1572 2450 1759 2510 septem
1798 2464 1869 2496 se-

179 2526 392 2574 cundum
438 2540 476 2589 η
524 2525 776 2573 ordinavit
816 2517 977 2590 (Stud.
1004 2523 1027 2570 I
1063 2525 1128 2570 57
1151 2539 1254 2586 sqq.
1297 2517 1407 2590 69).
1491 2539 1652 2584 neque
1691 2523 1871 2571 desunt

176 2600 432 2648 cuiusdam
470 2602 601 2647 inter
631 2593 671 2645 F
705 2601 756 2646 et
785 2592 827 2645 E
862 2598 1143 2647 commercii
1174 2598 1400 2661 vestigia,
1437 2594 1626 2645 scilicet
1656 2597 1869 2645 lineolae

175 2675 227 2722 in
265 2668 306 2722 F
348 2675 411 2722 ad
450 2689 530 2722 eos
568 2672 895 2734 praefationis
926 2672 1039 2719 IVa
1077 2673 1211 2720 locos
1245 2671 1471 2732 adpictae
1503 2673 1632 2731 sunt,
1671 2686 1793 2733 quos
1824 2665 1867 2718 Ε

177 2750 343 2797 omisit
381 2742 465 2815 (cf.
509 2747 646 2795 stud.
672 2747 696 2792 Ι
724 2739 831 2812 59).

34 2816 137 2871 ΕΜ
289 2823 536 2884 Excerpta
585 2837 803 2882 quoque,
851 2836 978 2882 quae
1025 2820 1194 2882 stirpis
1241 2819 1273 2867 λ
1321 2822 1457 2879 sunt,
1506 2819 1674 2880 aliquo
1720 2819 1866 2867 modo

177 2912 287 2945 cum
334 2892 375 2944 E
426 2897 685 2945 cohaerere
733 2896 966 2956 suspicor.
1043 2893 1368 2956 praefationis
1416 2894 1547 2940 enim
1584 2892 1702 2940 IVa
1740 2893 1866 2940 nihil
