1988 3138
191 75 299 122 XVI
868 72 1211 118 PRAEFATIO

193 216 354 264 neque
393 201 550 263 igitur
587 200 753 260 ipsum
785 201 1039 246 auctorem
1071 200 1155 247 sed
1189 216 1214 247 e
1245 216 1449 248 numero
1481 201 1809 248 familiarium
1841 204 1891 249 et

195 277 471 326 amicorum
510 275 730 335 aliquem
768 275 954 320 mortui
991 275 1093 320 iam
1134 273 1345 322 Senecae
1386 291 1510 337 opus
1549 275 1760 324 edidisse
1799 276 1890 323 ali-

195 352 383 414 quanto
413 348 618 396 celerius
643 349 993 395 concluseram.
1049 349 1214 410 ipsum
1239 349 1369 396 enim
1393 351 1660 397 editionem
1690 365 1891 411 parasse

194 440 328 472 nunc
352 423 510 483 credo,
542 424 766 484 paratam
796 422 858 469 ab
890 421 1061 469 amicis
1092 425 1207 484 post
1228 422 1440 472 Neronis
1464 426 1674 472 mortem
1707 424 1893 471 editam

196 514 315 548 esse.
393 497 710 546 observamus
751 498 883 544 enim
921 499 1103 545 novato
1144 497 1313 545 ordine
1359 498 1542 546 librum
1580 498 1607 545 I
1642 499 1777 561 vulg.
1818 514 1892 546 ce-

195 575 317 622 teris
355 572 694 634 praepositum
736 586 854 631 esse,
894 571 1081 618 scilicet
1120 571 1541 620 luculentissimae
1573 572 1632 619 de
1665 572 1756 620 deo
1796 572 1892 620 dis-

197 647 484 697 sertationis
519 661 681 706 causa,
722 647 772 693 et
809 649 1008 708 praeter
1047 661 1156 693 eum
1198 646 1380 694 librum
1409 647 1475 707 H,
1515 648 1653 694 cuius
1692 647 1895 694 initium

199 721 574 784 dispositionem
598 721 755 768 totius
779 721 1017 767 materiae
1043 720 1275 768 continet.
1331 721 1702 769 observavimus
1728 715 1894 787 (stud.

197 797 224 845 I
259 789 388 862 125)
430 797 683 842 auctorem
724 796 901 856 operiS,
941 811 1053 842 cum
1090 811 1180 856 per
1219 798 1404 857 septem
1446 795 1642 843 libellos
1683 812 1713 842 a
1743 798 1895 842 terre-

199 873 277 918 nis
325 869 387 917 ad
438 869 670 917 caelestia
718 869 1032 929 ascendisset,
1083 869 1144 917 iis
1191 870 1293 916 iam
1341 871 1572 917 octavum
1612 869 1896 917 additurum

199 944 555 1007 tripartitionis
602 943 654 991 Π
703 946 729 990 1
781 943 926 991 datae
982 946 1031 990 et
1088 945 1244 991 totius
1298 945 1509 992 rationis
1566 944 1779 992 oblitum
1834 943 1896 990 ab

203 1020 401 1068 aethere
434 1018 497 1065 ad
536 1025 653 1066 aera
683 1018 933 1080 relapsum
967 1033 1085 1079 esse,
1124 1021 1292 1065 tamen
1324 1020 1375 1065 in
1407 1019 1718 1080 praefatione
1752 1018 1897 1065 huius

201 1094 362 1142 libelli
410 1093 715 1155 theologiam
764 1093 1042 1154 professum
1082 1096 1295 1140 ceteram
1335 1093 1595 1141 scientiam
1634 1093 1898 1155 despicere.

202 1171 375 1230 itaque
431 1167 692 1215 consilium
741 1183 881 1214 suum
931 1167 1100 1228 aliquo
1148 1167 1294 1215 modo
1349 1167 1648 1228 immutavit,
1704 1169 1899 1214 mutato

204 1243 376 1291 ordine
416 1244 466 1289 et
505 1242 714 1289 fortasse
753 1242 1037 1289 retractatis
1076 1241 1260 1289 libellis
1292 1242 1466 1303 primis
1498 1244 1661 1290 totum
1692 1256 1816 1303 opus
1848 1242 1900 1287 in

204 1318 366 1365 lucem
399 1315 640 1363 edendum
681 1316 777 1364 sibi
815 1315 1088 1377 proposuit,
1128 1331 1288 1377 pauca
1320 1316 1662 1363 additamenta
1693 1316 1902 1379 singulis

205 1392 347 1439 libris
378 1393 484 1453 ipse
518 1389 700 1438 adiecit
741 1384 824 1445 (cf.
858 1390 915 1438 de
949 1390 1025 1436 III
1061 1391 1143 1450 12,
1171 1391 1200 1437 3
1243 1385 1346 1454 [vel
1379 1390 1455 1438 ΙΠ
1490 1385 1580 1454 14]
1620 1391 1670 1437 et
1706 1389 1731 1436 I
1773 1390 1821 1450 6,
1849 1392 1900 1437 1:

208 1466 347 1514 Stud.
380 1465 407 1512 I
443 1458 587 1530 129).

319 1540 427 1588 Hoc
460 1539 722 1587 consilium
754 1542 1039 1600 persecutus
1071 1542 1186 1601 post
1216 1555 1399 1601 paucos
1433 1555 1600 1599 annos,
1631 1538 1663 1586 i.
1690 1554 1728 1585 e.
1757 1539 1903 1586 initio

209 1617 390 1663 aetatis
421 1614 707 1675 Flavianae,
739 1613 961 1661 Lucilius
995 1615 1183 1661 aliusve
1217 1615 1502 1675 amicorum,
1535 1613 1762 1675 quisquis
1793 1613 1905 1672 fuit,

207 1689 496 1752 praemissis
534 1688 676 1736 libris
708 1687 733 1735 I
765 1690 813 1735 et
844 1687 894 1734 II
934 1691 1119 1736 ceteros
1158 1687 1310 1735 libros
1351 1704 1506 1749 paene
1545 1689 1761 1736 intactos
1795 1686 1905 1734 sub-

209 1763 375 1811 iunxit
405 1765 663 1823 totumque
697 1777 820 1824 opus
859 1763 912 1808 in
944 1762 1123 1825 vulgus
1156 1764 1288 1809 exire
1326 1763 1474 1811 iussit
1513 1765 1664 1824 atque
1697 1761 1906 1824 singulis

212 1838 441 1900 deinceps
481 1852 713 1884 numeros
758 1837 898 1884 1-—8
942 1836 1218 1898 adscripsit.

665 2025 758 2079 ΠΙ.
813 2025 890 2078 De
930 2025 1060 2078 fatis
1102 2025 1282 2096 operis
1325 2024 1457 2079 editi

326 2150 603 2199 Historiam
641 2151 805 2196 textus
838 2150 1159 2197 vetustiorem
1198 2149 1417 2211 produnt
1454 2150 1754 2208 testimonia,
1787 2162 1907 2209 quo-

214 2242 327 2273 rum
364 2225 511 2272 index
550 2224 615 2271 ad
651 2224 834 2271 calcem
872 2223 1021 2270 huius
1061 2223 1295 2271 editionis
1334 2224 1532 2286 legitur.

327 2300 524 2347 Primus
554 2297 708 2346 libros
741 2297 837 2345 sibi
866 2298 1078 2345 fortasse
1091 2291 1129 2363 ¹)
1163 2297 1458 2362 singillatim
1489 2298 1664 2346 missos
1688 2296 1910 2344 Lucilius

217 2373 343 2437 legit
398 2375 620 2434 itemque
679 2372 894 2420 nondum
959 2372 1117 2419 editos
1179 2372 1243 2419 M.
1292 2372 1575 2420 Annaeus
1637 2370 1910 2418 Lucanus

217 2448 390 2496 fratris
421 2448 581 2495 Melae
624 2446 772 2506 filius,
812 2447 899 2508 qui
938 2461 1048 2492 cum
1087 2449 1268 2508 patruo
1309 2462 1351 2493 a.
1388 2447 1455 2494 65
1491 2446 1685 2494 occidit.
1763 2446 1912 2505 atque

218 2523 350 2570 hunc
404 2522 655 2569 nonnullis
711 2522 942 2568 carminis
998 2520 1056 2567 de
1115 2520 1241 2568 bello
1296 2521 1434 2569 civili
1485 2518 1735 2583 pangendi
1788 2518 1911 2566 locis

219 2596 488 2644 Naturales
515 2595 837 2651 Quaestiones
870 2595 1141 2656 exprimere
1174 2596 1469 2657 interpretes
1503 2594 1912 2652 observaverunt3

344 2770 385 2825 1)
425 2767 781 2812 Dubitationem
826 2767 952 2811 movi
991 2766 1120 2811 stud.
1160 2767 1182 2809 I
1215 2771 1297 2810 131
1318 2780 1409 2821 sq.,
1453 2777 1605 2820 neque
1649 2763 1767 2806 mihi
1811 2774 1915 2818 per·
1948 2757 1957 2767 '

222 2827 385 2881 suasit,
418 2828 499 2883 qui
532 2841 632 2872 eam
667 2839 815 2883 nuper
838 2826 1003 2872 tollere
1028 2827 1222 2870 conatus
1247 2827 1337 2869 est:
1371 2824 1482 2869 Otto
1507 2823 1693 2877 Binder‚
1725 2822 1799 2866 die
1822 2822 1915 2866 Ab-

223 2888 530 2944 sassunyszeit
558 2902 647 2933 von
677 2886 870 2932 Senecas
900 2886 1106 2940 Briefen,
1139 2885 1387 2941 Tfibingen
1421 2888 1549 2927 1905.
