1988 3138
131 111 200 163 28
665 111 714 156 L.
746 110 982 155 ANNAEI
1014 112 1285 156 SENECAE

131 251 288 300 quus:
341 233 489 301 atqui
537 235 590 284 et
628 235 756 285 tunc
796 232 1016 285 dimidia
1053 252 1174 302 pars
1215 238 1309 305 est,
1360 237 1602 303 quamvis
1655 238 1820 290 solem

69 320 98 359 4
129 306 296 359 nubes
337 326 403 359 ex
440 307 633 359 humili
671 310 724 358 et
763 306 975 359 sordido
1016 308 1291 376 accipiant.
1367 311 1553 379 nostri,
1605 311 1696 378 qui
1747 311 1823 363 sic

132 381 189 432 in
225 381 381 449 nube,
422 380 688 449 quomodo
729 382 786 432 in
825 382 1065 450 speculor
1094 383 1277 435 lumen
1308 384 1497 436 volunt
1533 384 1696 453 reddi,
1727 403 1822 436 nu-

131 455 252 507 bem
293 473 476 507 cavam
522 455 728 508 faciunt
767 458 820 507 et
867 458 1039 508 sectae
1077 457 1218 524 pilae
1265 460 1492 527 partem,
1533 476 1666 526 quae
1712 477 1820 510 non

131 531 309 597 potest
346 531 522 581 totum
562 529 744 582 orbem
783 529 1022 598 reddere,
1063 531 1189 598 quia
1227 531 1345 599 ipsa
1381 550 1505 600 pars
1545 533 1687 584 orbis
1729 536 1821 585 est.
1869 554 1889 587 5

133 603 410 671 proposito
462 603 678 671 accedo,
728 606 1042 673 argumento
1092 622 1203 656 non
1250 606 1536 658 consentio.
1613 625 1738 659 nam
1779 607 1823 659 si

133 678 189 728 in
229 695 461 729 concavo
502 679 717 746 speculo
758 680 872 730 tota
916 678 1079 730 facies
1119 679 1355 747 oppositi
1395 680 1536 732 orbis
1578 682 1823 749 exprimi-

131 755 233 819 tur,
273 754 326 804 et
363 752 421 803 in
459 752 720 804 semiorbe
757 752 896 804 nihil
941 751 1191 820 prohibet
1229 755 1398 806 totam
1439 755 1605 823 aspici
1642 756 1822 839 pilam.

73 837 98 876 5
132 826 437 878 etiamnunc
487 826 717 878 diximus
770 827 997 878 circulos
1037 845 1289 895 apparere
1330 828 1430 880 soli
1467 829 1730 897 lunaeque
1769 830 1825 881 in

133 900 538 952 similitudinem
593 918 744 953 arcus
801 900 1178 953 circumdatos:
1234 919 1395 970 quare
1450 903 1539 955 ille
1596 904 1824 956 circulus
1851 926 1893 958 ιο

132 974 394 1044 iungitur,
458 975 514 1025 in
569 992 693 1027 arcu
746 975 1076 1043 numquam?
1167 975 1355 1028 deinde
1410 994 1570 1044 quare
1619 996 1826 1046 semper

134 1066 394 1101 concavae
432 1048 601 1101 nubes
642 1049 807 1101 solem
847 1049 1133 1120 accipiunt,
1170 1067 1279 1102 non
1319 1051 1604 1118 aliquando
1636 1053 1825 1120 planae

75 1136 99 1174 6
132 1125 186 1175 et
223 1123 525 1175 tumentes?
599 1121 990 1176 Aristoteles
1029 1123 1104 1175 ait
1142 1127 1266 1192 post
1303 1126 1608 1178 autumnale
1649 1126 1826 1194 aequi-

133 1197 373 1249 noctium
425 1197 664 1265 qualibet
714 1196 845 1249 hora
895 1197 999 1250 diei
1050 1215 1231 1250 arcum
1282 1199 1419 1267 fieri,
1470 1203 1666 1252 aestate
1715 1218 1826 1252 non

133 1271 249 1323 fieri
298 1271 403 1323 nisi
455 1274 546 1323 aut
596 1272 883 1340 incipiente
934 1274 1026 1324 aut
1075 1273 1331 1325 inclinato
1385 1273 1482 1325 die.
1560 1275 1709 1326 cuius
1748 1275 1825 1326 rei
1851 1295 1892 1328 15

135 1363 293 1398 causa
324 1345 607 1398 manifesta
638 1349 739 1398 est:
778 1347 1028 1414 primum,
1061 1347 1186 1414 quia
1215 1347 1389 1399 media
1421 1347 1524 1399 diei
1556 1351 1705 1416 parte
1746 1349 1826 1401 sol

135 1419 490 1472 calidissimus
529 1420 698 1472 nubes
738 1420 935 1472 evincit
982 1438 1082 1474 nec
1120 1424 1300 1489 potest
1348 1422 1636 1492 imaginem
1676 1441 1825 1475 suam

134 1494 199 1545 ab
237 1494 322 1546 his
361 1494 610 1563 recipere,
651 1512 781 1562 quas
823 1494 1035 1563 scindit3
1077 1498 1131 1546 at
1169 1495 1432 1548 matutino
1465 1499 1704 1565 tempore
1737 1499 1828 1549 aut

135 1586 360 1638 vergens
400 1569 458 1619 in
498 1586 745 1621 occasum
786 1569 962 1620 minus
1002 1567 1163 1621 habet
1201 1570 1410 1637 virium,
1450 1570 1568 1622 ideo
1610 1590 1640 1622 a
1676 1571 1827 1623 nubi-

77 1656 99 1693 7
134 1642 232 1694 bus
286 1643 535 1695 sustineri
583 1646 636 1695 et
673 1643 939 1711 repercuti
989 1646 1179 1711 potest.
1260 1643 1446 1696 deinde
1487 1663 1607 1697 cum
1647 1663 1826 1697 arcum
1853 1667 1897 1698 20

132 1716 303 1770 facere
352 1734 462 1769 non
506 1718 673 1769 soleat
721 1718 826 1769 nisi
878 1716 1125 1769 adversus
1177 1718 1284 1786 his,
1334 1719 1390 1769 in
1441 1719 1633 1786 quibus
1685 1719 1828 1787 facit,

132 1791 380 1859 nubibuS,
421 1809 542 1844 cum
581 1791 848 1843 breviores
883 1791 993 1843 dies
1028 1795 1164 1860 sunt,
1206 1810 1413 1860 semper
1445 1792 1693 1861 obliquus
1726 1797 1826 1846 est:

137 1865 316 1933 itaque
369 1865 608 1933 qualibet
659 1865 763 1917 diei
813 1868 978 1933 parte,
1030 1867 1189 1917 etiam
1242 1884 1362 1918 cum
1403 1867 1693 1919 altissimus
1733 1871 1828 1935 est,

134 1938 296 1991 habet
335 1940 540 2007 aliquas
578 1940 763 2007 nubeS‚
803 1957 933 2007 quas
974 1958 1038 1991 ex
1072 1939 1290 1992 adverso
1330 1940 1487 1992 ferire
1519 1942 1704 2009 possit.
1775 1946 1828 1994 at

135 2014 464 2082 temporibus
499 2014 712 2066 aestivis
753 2032 911 2082 super
940 2017 1182 2066 nostrum
1214 2015 1466 2067 verticem
1505 2016 1694 2068 fertur:
1735 2017 1827 2068 ita·
1853 2037 1896 2070 25

136 2106 238 2156 que
262 2088 438 2140 medio
472 2087 555 2140 die
581 2088 972 2140 excelsissimus
1005 2091 1171 2140 terras
1195 2090 1420 2142 rectiore
1453 2091 1644 2158 aspicit
1668 2091 1828 2159 linea,

254 2245 304 2283 13
336 2241 481 2285 Arist.
516 2241 702 2285 Meteor.
737 2241 830 2284 III
848 2245 875 2285 5
901 2255 949 2297 p.
976 2245 1063 2286 377
1072 2255 1102 2284 a
1133 2246 1188 2285 11
1207 2256 1297 2298 sqq.

255 2385 279 2424 3
324 2381 457 2424 reddi
501 2381 666 2425 uolunt
709 2383 804 2426 coll
839 2384 920 2425 ΔΤ
952 2384 965 2438 Η
998 2387 1023 2424 ’1
1065 2381 1132 2439 in]
1179 2396 1261 2426 om
1297 2384 1334 2426 δ
1381 2384 1394 2439 ΙΙ
1442 2387 1466 2424 8
1500 2382 1647 2438 aspici
1679 2384 1829 2426 totam

135 2441 233 2484 coll.
267 2443 349 2483 ΔΤ
396 2443 409 2497 ΙΙ
456 2445 483 2483 9
515 2442 657 2499 1111116]
689 2440 778 2484 hoc
810 2442 947 2485 Kooll
981 2442 986 2497 Ι
1031 2441 1251 2500 diximus]
1299 2456 1396 2498 cap.
1430 2445 1462 2486 2
1509 2443 1513 2498 Ι
1561 2441 1667 2499 soli]
1717 2441 1828 2486 solis

136 2502 267 2543 ΔΚΤ
300 2499 387 2543 celi
421 2504 450 2542 0
503 2502 519 2567 Η
573 2505 624 2543 10
663 2500 744 2544 ille
779 2515 814 2544 c.
852 2500 1082 2558 iungitur]
1129 2500 1224 2543 illis
1270 2501 1469 2544 circulus
1514 2500 1829 2544 circumdatur

138 2558 182 2614 (i.
218 2558 435 2602 circumd.
473 2560 577 2603 circ.
612 2561 665 2616 δ)
698 2562 738 2603 Δ
794 2562 807 2616 Η
855 2564 904 2602 13
937 2562 1169 2603 tumentes
1184 2561 1222 2618 5³]
1268 2561 1458 2604 lac-unae
1498 2561 1680 2618 siynum
1719 2561 1825 2604 add.

138 2618 296 2662 Haase
342 2619 356 2674 ΙΙ
395 2623 444 2660 15
480 2619 575 2676 die]
608 2619 704 2662 iam
737 2619 812 2662 die
846 2622 927 2662 ΔΤ
959 2621 972 2676 Η
1005 2624 1055 2661 16
1090 2619 1203 2676 diei]
1246 2620 1320 2662 die
1352 2623 1423 2663 Βε
1462 2621 1475 2675 ΙΙ
1514 2624 1563 2662 17
1596 2620 1700 2677 nec]
1733 2634 1827 2663 non

137 2679 216 2721 ‹50
256 2679 269 2734 ΙΙ
308 2682 358 2719 18
393 2679 492 2735 aut]
527 2679 575 2720 et
604 2681 644 2721 Δ
687 2680 700 2735 ΙΙ
743 2683 794 2721 19
825 2677 969 2721 habet
999 2677 1190 2735 uirium]
1226 2679 1406 2722 calidus
1439 2680 1510 2721 est
1542 2680 1588 2722 et
1620 2681 1708 2736 (est
1740 2679 1823 2722 cal

137 2737 227 2791 Bc>
259 2739 298 2779 Δ
355 2738 368 2793 ΙΙ
421 2741 478 2779 20
521 2737 638 2794 rep]
683 2737 863 2794 percuti
895 2740 935 2780 Δ
992 2739 1004 2794 ΙΙ
1058 2742 1115 2780 23
1158 2737 1339 2796 itaque]
1385 2738 1432 2780 et
1474 2752 1506 2781 s.
1541 2738 1567 2780 l.
1602 2739 1705 2782 add.
1739 2741 1780 2781 Δ
1814 2741 1829 2794 11

137 2800 195 2838 24
225 2795 393 2854 possit]
418 2797 551 2851 potes
532 2798 574 2839 st
598 2800 671 2840 Αε
702 2798 716 2853 Η
747 2801 802 2839 25
830 2797 986 2854 super]
1013 2810 1153 2852 supra
1177 2800 1298 2840 ΔΤΖ
1335 2799 1339 2853 Ι
1373 2796 1596 2840 uerticem
1619 2799 1827 2840 nostrum

138 2856 232 2899 coll.
261 2856 298 2898 δ
308 2860 339 2897 Τ
371 2857 383 2912 ΙΙ
415 2860 473 2898 26
504 2856 652 2898 terras
686 2856 902 2913 rectiore]
934 2858 967 2899 t.
995 2858 1174 2899 rectore
1199 2858 1233 2900 λ
1265 2856 1461 2899 rectiore
1493 2857 1524 2899 t.
1552 2858 1629 2900 ‹51-
1666 2858 1670 2913 Ι
1707 2858 1827 2914 asp]

138 2914 312 2970 accipit
342 2914 480 2971 H¹gP>
