<?xml version="1.0" encoding="UTF-8"?>
<!DOCTYPE html PUBLIC "-//W3C//DTD XHTML 1.0 Transitional//EN"
    "http://www.w3.org/TR/xhtml1/DTD/xhtml1-transitional.dtd">
<html xmlns="http://www.w3.org/1999/xhtml" xml:lang="en" lang="en">
 <head>
  <title>
</title>
<meta http-equiv="Content-Type" content="text/html;charset=utf-8" />
  <meta name='ocr-system' content='tesseract 3.04.00' />
  <meta name='ocr-capabilities' content='ocr_page ocr_carea ocr_par ocr_line ocrx_word'/>
</head>
<body>
  <div class='ocr_page' id='page_1' title='image "./operaquaesupersu02seneuoft/operaquaesupersu02seneuoft_0275.png"; bbox 0 0 1988 3138; ppageno 0'>
   <div class='ocr_carea' id='block_1_1' title="bbox 474 85 1820 141">
    <p class='ocr_par' dir='ltr' id='par_1_1' title="bbox 474 85 1820 141">
     <span class='ocr_line' id='line_1_1' title="bbox 474 85 1820 141; baseline 0.007 -9"><span class='ocrx_word' id='word_1_1' title='bbox 474 86 703 133; x_wconf 81' lang='lat' dir='ltr'><strong>NATUR.</strong></span> <span class='ocrx_word' id='word_1_2' title='bbox 738 85 989 140; x_wconf 83' lang='lat' dir='ltr'><strong>QUAEST.</strong></span> <span class='ocrx_word' id='word_1_3' title='bbox 1023 86 1237 132; x_wconf 89' lang='lat' dir='ltr'>LIB.V1.</span> <span class='ocrx_word' id='word_1_4' title='bbox 1271 91 1460 132; x_wconf 79' lang='lat'><strong>22—24.</strong></span> <span class='ocrx_word' id='word_1_5' title='bbox 1710 87 1820 141; x_wconf 81' lang='lat'><strong>223</strong></span> 
     </span>
    </p>
   </div>
   <div class='ocr_carea' id='block_1_2' title="bbox 51 209 1823 2163">
    <p class='ocr_par' dir='ltr' id='par_1_2' title="bbox 51 209 1823 2163">
     <span class='ocr_line' id='line_1_2' title="bbox 119 209 1822 278; baseline 0 -16"><span class='ocrx_word' id='word_1_6' title='bbox 119 211 263 262; x_wconf 89' lang='lat' dir='ltr'><strong>culta</strong></span> <span class='ocrx_word' id='word_1_7' title='bbox 294 209 574 278; x_wconf 80' lang='lat' dir='ltr'><strong>foramina,</strong></span> <span class='ocrx_word' id='word_1_8' title='bbox 606 209 1056 278; x_wconf 84' lang='lat' dir='ltr'><strong>quemadmodum</strong></span> <span class='ocrx_word' id='word_1_9' title='bbox 1088 209 1303 278; x_wconf 86' lang='lat' dir='ltr'><strong>ubique,</strong></span> <span class='ocrx_word' id='word_1_10' title='bbox 1341 210 1418 262; x_wconf 88' lang='lat' dir='ltr'><strong>ita</strong></span> <span class='ocrx_word' id='word_1_11' title='bbox 1450 213 1502 263; x_wconf 91' lang='lat' dir='ltr'><strong>et</strong></span> <span class='ocrx_word' id='word_1_12' title='bbox 1534 210 1632 262; x_wconf 89' lang='lat' dir='ltr'><strong>sub</strong></span> <span class='ocrx_word' id='word_1_13' title='bbox 1664 210 1822 278; x_wconf 81' lang='lat' dir='ltr'><strong>mari3</strong></span> 
     </span>
     <span class='ocr_line' id='line_1_3' title="bbox 119 284 1820 353; baseline -0.001 -16"><span class='ocrx_word' id='word_1_14' title='bbox 119 284 332 353; x_wconf 88' lang='lat' dir='ltr'><strong>deinde,</strong></span> <span class='ocrx_word' id='word_1_15' title='bbox 371 302 493 338; x_wconf 92' lang='lat' dir='ltr'><strong>cum</strong></span> <span class='ocrx_word' id='word_1_16' title='bbox 535 284 842 337; x_wconf 88' lang='lat' dir='ltr'><strong>obstructus</strong></span> <span class='ocrx_word' id='word_1_17' title='bbox 882 284 974 336; x_wconf 86' lang='lat' dir='ltr'><strong>ille</strong></span> <span class='ocrx_word' id='word_1_18' title='bbox 1014 288 1094 337; x_wconf 90' lang='lat' dir='ltr'><strong>est</strong></span> <span class='ocrx_word' id='word_1_19' title='bbox 1131 287 1329 336; x_wconf 85' lang='lat' dir='ltr'><strong>trames</strong></span> <span class='ocrx_word' id='word_1_20' title='bbox 1339 325 1353 352; x_wconf 89' lang='lat'><strong><em>,</em></strong></span> <span class='ocrx_word' id='word_1_21' title='bbox 1400 303 1497 352; x_wconf 90' lang='lat' dir='ltr'><strong>per</strong></span> <span class='ocrx_word' id='word_1_22' title='bbox 1535 302 1693 352; x_wconf 92' lang='lat' dir='ltr'><strong>quem</strong></span> <span class='ocrx_word' id='word_1_23' title='bbox 1736 284 1820 336; x_wconf 92' lang='lat' dir='ltr'><strong>de-</strong></span> 
     </span>
     <span class='ocr_line' id='line_1_4' title="bbox 119 358 1822 429; baseline 0 -19"><span class='ocrx_word' id='word_1_24' title='bbox 119 358 418 427; x_wconf 87' lang='lat' dir='ltr'><strong>scenderat,</strong></span> <span class='ocrx_word' id='word_1_25' title='bbox 466 358 697 411; x_wconf 84' lang='lat' dir='ltr'><strong>reditum</strong></span> <span class='ocrx_word' id='word_1_26' title='bbox 744 362 923 411; x_wconf 91' lang='lat' dir='ltr'><strong>autem</strong></span> <span class='ocrx_word' id='word_1_27' title='bbox 971 358 1053 411; x_wconf 85' lang='lat' dir='ltr'><strong>illi</strong></span> <span class='ocrx_word' id='word_1_28' title='bbox 1099 378 1131 411; x_wconf 90' lang='lat' dir='ltr'><strong>a</strong></span> <span class='ocrx_word' id='word_1_29' title='bbox 1174 361 1328 429; x_wconf 83' lang='lat' dir='ltr'><strong>tergo</strong></span> <span class='ocrx_word' id='word_1_30' title='bbox 1379 359 1631 411; x_wconf 78' lang='lat' dir='ltr'><strong>resistens</strong></span> <span class='ocrx_word' id='word_1_31' title='bbox 1683 376 1822 427; x_wconf 87' lang='lat' dir='ltr'><strong>aqua</strong></span> 
     </span>
     <span class='ocr_line' id='line_1_5' title="bbox 119 432 1820 502; baseline -0.001 -16"><span class='ocrx_word' id='word_1_32' title='bbox 119 434 365 502; x_wconf 84' lang='lat' dir='ltr'><strong>abstulit,</strong></span> <span class='ocrx_word' id='word_1_33' title='bbox 413 432 519 486; x_wconf 91' lang='lat' dir='ltr'><strong>huc</strong></span> <span class='ocrx_word' id='word_1_34' title='bbox 570 436 623 486; x_wconf 86' lang='lat' dir='ltr'><strong>et</strong></span> <span class='ocrx_word' id='word_1_35' title='bbox 673 433 802 486; x_wconf 91' lang='lat' dir='ltr'><strong>illuc</strong></span> <span class='ocrx_word' id='word_1_36' title='bbox 847 433 1078 485; x_wconf 80' lang='lat' dir='ltr'><strong>refertur</strong></span> <span class='ocrx_word' id='word_1_37' title='bbox 1128 436 1180 486; x_wconf 89' lang='lat' dir='ltr'><strong>et</strong></span> <span class='ocrx_word' id='word_1_38' title='bbox 1228 433 1330 485; x_wconf 90' lang='lat' dir='ltr'><strong>sibi</strong></span> <span class='ocrx_word' id='word_1_39' title='bbox 1375 433 1491 501; x_wconf 91' lang='lat' dir='ltr'><strong>ipse</strong></span> <span class='ocrx_word' id='word_1_40' title='bbox 1538 449 1820 486; x_wconf 89' lang='lat' dir='ltr'><strong>occurrens</strong></span> 
     </span>
     <span class='ocr_line' id='line_1_6' title="bbox 73 507 1820 576; baseline -0.001 -14"><span class='ocrx_word' id='word_1_41' title='bbox 73 531 95 563; x_wconf 74' lang='lat'><strong>⁶</strong></span> <span class='ocrx_word' id='word_1_42' title='bbox 118 514 316 561; x_wconf 86' lang='lat' dir='ltr'><strong>terram</strong></span> <span class='ocrx_word' id='word_1_43' title='bbox 360 507 662 560; x_wconf 84' lang='lat' dir='ltr'><strong>labefactat.</strong></span> <span class='ocrx_word' id='word_1_44' title='bbox 739 507 859 559; x_wconf 92' lang='lat' dir='ltr'><strong>ideo</strong></span> <span class='ocrx_word' id='word_1_45' title='bbox 906 507 1338 575; x_wconf 77' lang='lat' dir='ltr'><strong>fiequentissime</strong></span> <span class='ocrx_word' id='word_1_46' title='bbox 1387 508 1523 560; x_wconf 85' lang='lat' dir='ltr'><strong>mari</strong></span> <span class='ocrx_word' id='word_1_47' title='bbox 1574 508 1820 576; x_wconf 86' lang='lat' dir='ltr'><strong>apposita</strong></span> 
     </span>
     <span class='ocr_line' id='line_1_7' title="bbox 118 580 1820 653; baseline 0.001 -20"><span class='ocrx_word' id='word_1_48' title='bbox 118 586 382 636; x_wconf 81' lang='lat' dir='ltr'><strong>vexantur</strong></span> <span class='ocrx_word' id='word_1_49' title='bbox 427 586 480 635; x_wconf 89' lang='lat' dir='ltr'><strong>et</strong></span> <span class='ocrx_word' id='word_1_50' title='bbox 526 582 649 634; x_wconf 92' lang='lat' dir='ltr'><strong>inde</strong></span> <span class='ocrx_word' id='word_1_51' title='bbox 694 580 952 650; x_wconf 79' lang='lat' dir='ltr'><strong>Neptuno</strong></span> <span class='ocrx_word' id='word_1_52' title='bbox 1007 582 1142 635; x_wconf 90' lang='lat' dir='ltr'><strong>haec</strong></span> <span class='ocrx_word' id='word_1_53' title='bbox 1196 582 1474 653; x_wconf 76' lang='lat' dir='ltr'><strong>assignata</strong></span> <span class='ocrx_word' id='word_1_54' title='bbox 1521 585 1602 635; x_wconf 91' lang='lat' dir='ltr'><strong>est</strong></span> <span class='ocrx_word' id='word_1_55' title='bbox 1657 582 1820 635; x_wconf 85' lang='lat' dir='ltr'><strong>maris</strong></span> 
     </span>
     <span class='ocr_line' id='line_1_8' title="bbox 119 656 1822 726; baseline -0.001 -16"><span class='ocrx_word' id='word_1_56' title='bbox 119 656 368 710; x_wconf 78' lang='lat' dir='ltr'><strong>movendi</strong></span> <span class='ocrx_word' id='word_1_57' title='bbox 407 657 660 725; x_wconf 87' lang='lat' dir='ltr'><strong>potentia.</strong></span> <span class='ocrx_word' id='word_1_58' title='bbox 725 657 967 725; x_wconf 88' lang='lat' dir='ltr'><strong>quisquis</strong></span> <span class='ocrx_word' id='word_1_59' title='bbox 998 657 1200 726; x_wconf 89' lang='lat' dir='ltr'><strong>primas</strong></span> <span class='ocrx_word' id='word_1_60' title='bbox 1238 657 1445 709; x_wconf 75' lang='lat' dir='ltr'><strong>litteras</strong></span> <span class='ocrx_word' id='word_1_61' title='bbox 1481 656 1680 726; x_wconf 81' lang='lat' dir='ltr'><strong>didicit,</strong></span> <span class='ocrx_word' id='word_1_62' title='bbox 1721 657 1822 710; x_wconf 88' lang='lat' dir='ltr'><strong>scit</strong></span> 
     </span>
     <span class='ocr_line' id='line_1_9' title="bbox 119 729 1482 800; baseline -0.001 -16"><span class='ocrx_word' id='word_1_63' title='bbox 119 732 272 785; x_wconf 89' lang='lat' dir='ltr'><strong>illum</strong></span> <span class='ocrx_word' id='word_1_64' title='bbox 312 730 454 800; x_wconf 91' lang='lat' dir='ltr'><strong>apud</strong></span> <span class='ocrx_word' id='word_1_65' title='bbox 493 729 827 783; x_wconf 86' lang='lat' dir='ltr'><strong>Hom-erum</strong></span> <span class='ocrx_word' id='word_1_66' title='bbox 864 729 1231 800; x_wconf 80' lang='grc' dir='ltr'><strong><em>Ἐνοσίχθονα</em></strong></span> <span class='ocrx_word' id='word_1_67' title='bbox 1268 731 1482 784; x_wconf 84' lang='lat' dir='ltr'><strong>vocari.’</strong></span> 
     </span>
     <span class='ocr_line' id='line_1_10' title="bbox 230 803 1820 874; baseline 0.001 -16"><span class='ocrx_word' id='word_1_68' title='bbox 230 806 316 858; x_wconf 83' lang='lat'><strong>24.</strong></span> <span class='ocrx_word' id='word_1_69' title='bbox 380 803 642 874; x_wconf 90' lang='lat' dir='ltr'><strong>Spiritum</strong></span> <span class='ocrx_word' id='word_1_70' title='bbox 683 823 797 858; x_wconf 91' lang='lat' dir='ltr'><strong>esse</strong></span> <span class='ocrx_word' id='word_1_71' title='bbox 835 804 996 858; x_wconf 90' lang='lat' dir='ltr'><strong>huius</strong></span> <span class='ocrx_word' id='word_1_72' title='bbox 1035 806 1166 858; x_wconf 85' lang='lat' dir='ltr'><strong>mali</strong></span> <span class='ocrx_word' id='word_1_73' title='bbox 1205 823 1420 859; x_wconf 89' lang='lat' dir='ltr'><strong>causam</strong></span> <span class='ocrx_word' id='word_1_74' title='bbox 1454 809 1506 858; x_wconf 90' lang='lat' dir='ltr'><strong>et</strong></span> <span class='ocrx_word' id='word_1_75' title='bbox 1545 806 1660 874; x_wconf 89' lang='lat' dir='ltr'><strong>ipse</strong></span> <span class='ocrx_word' id='word_1_76' title='bbox 1700 823 1820 859; x_wconf 90' lang='lat' dir='ltr'><strong>con-</strong></span> 
     </span>
     <span class='ocr_line' id='line_1_11' title="bbox 51 879 1822 949; baseline -0.002 -13"><span class='ocrx_word' id='word_1_77' title='bbox 51 902 97 936; x_wconf 79' lang='grc' dir='ltr'><strong>ιο</strong></span> <span class='ocrx_word' id='word_1_78' title='bbox 120 880 315 933; x_wconf 84' lang='lat' dir='ltr'><strong>sentio:</strong></span> <span class='ocrx_word' id='word_1_79' title='bbox 363 880 428 932; x_wconf 92' lang='lat' dir='ltr'><strong>de</strong></span> <span class='ocrx_word' id='word_1_80' title='bbox 466 880 560 933; x_wconf 90' lang='lat' dir='ltr'><strong>illo</strong></span> <span class='ocrx_word' id='word_1_81' title='bbox 602 879 903 948; x_wconf 81' lang='lat' dir='ltr'><strong>disputabo,</strong></span> <span class='ocrx_word' id='word_1_82' title='bbox 943 880 1214 949; x_wconf 91' lang='lat' dir='ltr'><strong>quomodo</strong></span> <span class='ocrx_word' id='word_1_83' title='bbox 1254 880 1418 933; x_wconf 85' lang='lat' dir='ltr'><strong>intret</strong></span> <span class='ocrx_word' id='word_1_84' title='bbox 1457 881 1547 933; x_wconf 92' lang='lat' dir='ltr'><strong>hic</strong></span> <span class='ocrx_word' id='word_1_85' title='bbox 1587 881 1822 949; x_wconf 87' lang='lat' dir='ltr'><strong>spiritus,</strong></span> 
     </span>
     <span class='ocr_line' id='line_1_12' title="bbox 119 955 1821 1024; baseline 0 -17"><span class='ocrx_word' id='word_1_86' title='bbox 119 957 300 1007; x_wconf 70' lang='lat' dir='ltr'><strong>uin-um</strong></span> <span class='ocrx_word' id='word_1_87' title='bbox 352 973 450 1024; x_wconf 90' lang='lat' dir='ltr'><strong>per</strong></span> <span class='ocrx_word' id='word_1_88' title='bbox 501 955 685 1007; x_wconf 83' lang='lat' dir='ltr'><strong>tenuia</strong></span> <span class='ocrx_word' id='word_1_89' title='bbox 737 955 1003 1007; x_wconf 89' lang='lat' dir='ltr'><strong>foramina</strong></span> <span class='ocrx_word' id='word_1_90' title='bbox 1055 973 1155 1008; x_wconf 92' lang='lat' dir='ltr'><strong>nec</strong></span> <span class='ocrx_word' id='word_1_91' title='bbox 1210 955 1379 1008; x_wconf 89' lang='lat' dir='ltr'><strong>oculis</strong></span> <span class='ocrx_word' id='word_1_92' title='bbox 1429 955 1821 1024; x_wconf 88' lang='lat' dir='ltr'><strong>comprehensi·</strong></span> 
     </span>
     <span class='ocr_line' id='line_1_13' title="bbox 118 1028 1823 1099; baseline 0 -17"><span class='ocrx_word' id='word_1_93' title='bbox 118 1028 248 1082; x_wconf 83' lang='lat' dir='ltr'><strong>bilia</strong></span> <span class='ocrx_word' id='word_1_94' title='bbox 286 1048 355 1082; x_wconf 86' lang='lat' dir='ltr'><strong>an</strong></span> <span class='ocrx_word' id='word_1_95' title='bbox 393 1047 489 1099; x_wconf 87' lang='lat' dir='ltr'><strong>per</strong></span> <span class='ocrx_word' id='word_1_96' title='bbox 519 1029 723 1082; x_wconf 84' lang='lat' dir='ltr'><strong>maiora</strong></span> <span class='ocrx_word' id='word_1_97' title='bbox 754 1047 816 1083; x_wconf 87' lang='lat' dir='ltr'><strong>ac</strong></span> <span class='ocrx_word' id='word_1_98' title='bbox 853 1030 1174 1099; x_wconf 85' lang='lat' dir='ltr'><strong>patentiora,</strong></span> <span class='ocrx_word' id='word_1_99' title='bbox 1214 1033 1267 1082; x_wconf 87' lang='lat' dir='ltr'><strong>et</strong></span> <span class='ocrx_word' id='word_1_100' title='bbox 1297 1033 1479 1082; x_wconf 87' lang='lat' dir='ltr'><strong>utrum</strong></span> <span class='ocrx_word' id='word_1_101' title='bbox 1512 1030 1578 1082; x_wconf 90' lang='lat' dir='ltr'><strong>ab</strong></span> <span class='ocrx_word' id='word_1_102' title='bbox 1610 1030 1720 1083; x_wconf 93' lang='lat' dir='ltr'><strong>imo</strong></span> <span class='ocrx_word' id='word_1_103' title='bbox 1754 1048 1823 1082; x_wconf 88' lang='lat' dir='ltr'><strong>an</strong></span> 
     </span>
     <span class='ocr_line' id='line_1_14' title="bbox 119 1103 1820 1173; baseline -0.001 -16"><span class='ocrx_word' id='word_1_104' title='bbox 119 1104 278 1157; x_wconf 84' lang='lat' dir='ltr'><strong>etiam</strong></span> <span class='ocrx_word' id='word_1_105' title='bbox 319 1122 416 1173; x_wconf 92' lang='lat' dir='ltr'><strong>per</strong></span> <span class='ocrx_word' id='word_1_106' title='bbox 454 1122 663 1157; x_wconf 87' lang='lat' dir='ltr'><strong>summa</strong></span> <span class='ocrx_word' id='word_1_107' title='bbox 701 1107 977 1157; x_wconf 87' lang='lat' dir='ltr'><strong>terrarum.</strong></span> <span class='ocrx_word' id='word_1_108' title='bbox 1040 1103 1144 1158; x_wconf 91' lang='lat' dir='ltr'><strong>hoc</strong></span> <span class='ocrx_word' id='word_1_109' title='bbox 1183 1105 1493 1158; x_wconf 84' lang='lat' dir='ltr'><strong>incredibile</strong></span> <span class='ocrx_word' id='word_1_110' title='bbox 1533 1108 1626 1157; x_wconf 89' lang='lat' dir='ltr'><strong>est.</strong></span> <span class='ocrx_word' id='word_1_111' title='bbox 1696 1122 1820 1157; x_wconf 88' lang='lat' dir='ltr'><strong>nam</strong></span> 
     </span>
     <span class='ocr_line' id='line_1_15' title="bbox 119 1179 1823 1248; baseline 0 -17"><span class='ocrx_word' id='word_1_112' title='bbox 119 1179 175 1231; x_wconf 91' lang='lat' dir='ltr'><strong>in</strong></span> <span class='ocrx_word' id='word_1_113' title='bbox 205 1180 405 1232; x_wconf 87' lang='lat' dir='ltr'><strong>nostris</strong></span> <span class='ocrx_word' id='word_1_114' title='bbox 438 1196 654 1248; x_wconf 88' lang='lat' dir='ltr'><strong>quoque</strong></span> <span class='ocrx_word' id='word_1_115' title='bbox 688 1179 1000 1248; x_wconf 79' lang='lat' dir='ltr'><strong>corporibus</strong></span> <span class='ocrx_word' id='word_1_116' title='bbox 1034 1180 1172 1232; x_wconf 90' lang='lat' dir='ltr'><strong>cutis</strong></span> <span class='ocrx_word' id='word_1_117' title='bbox 1206 1179 1455 1248; x_wconf 86' lang='lat' dir='ltr'><strong>spiritum</strong></span> <span class='ocrx_word' id='word_1_118' title='bbox 1486 1179 1692 1248; x_wconf 87' lang='lat' dir='ltr'><strong>respuit</strong></span> <span class='ocrx_word' id='word_1_119' title='bbox 1722 1197 1823 1232; x_wconf 92' lang='lat' dir='ltr'><strong>nec</strong></span> 
     </span>
     <span class='ocr_line' id='line_1_16' title="bbox 51 1253 1822 1323; baseline -0.001 -16"><span class='ocrx_word' id='word_1_120' title='bbox 51 1273 94 1307; x_wconf 69' lang='grc' dir='ltr'><strong>ιο</strong></span> <span class='ocrx_word' id='word_1_121' title='bbox 119 1257 200 1306; x_wconf 91' lang='lat' dir='ltr'><strong>est</strong></span> <span class='ocrx_word' id='word_1_122' title='bbox 239 1253 318 1305; x_wconf 88' lang='lat' dir='ltr'><strong>illi</strong></span> <span class='ocrx_word' id='word_1_123' title='bbox 358 1254 625 1322; x_wconf 88' lang='lat' dir='ltr'><strong>introitus,</strong></span> <span class='ocrx_word' id='word_1_124' title='bbox 663 1254 767 1305; x_wconf 85' lang='lat' dir='ltr'><strong>nisi</strong></span> <span class='ocrx_word' id='word_1_125' title='bbox 805 1271 902 1323; x_wconf 91' lang='lat' dir='ltr'><strong>per</strong></span> <span class='ocrx_word' id='word_1_126' title='bbox 940 1272 1077 1322; x_wconf 84' lang='lat' dir='ltr'><strong>quae</strong></span> <span class='ocrx_word' id='word_1_127' title='bbox 1115 1254 1361 1317; x_wconf 81' lang='lat' dir='ltr'><strong>trahitur,</strong></span> <span class='ocrx_word' id='word_1_128' title='bbox 1400 1272 1500 1307; x_wconf 90' lang='lat' dir='ltr'><strong>nec</strong></span> <span class='ocrx_word' id='word_1_129' title='bbox 1532 1254 1822 1307; x_wconf 88' lang='lat' dir='ltr'><strong>consistere</strong></span> 
     </span>
     <span class='ocr_line' id='line_1_17' title="bbox 119 1328 1821 1398; baseline 0 -18"><span class='ocrx_word' id='word_1_130' title='bbox 119 1328 337 1397; x_wconf 91' lang='lat' dir='ltr'><strong>quidem</strong></span> <span class='ocrx_word' id='word_1_131' title='bbox 377 1346 408 1380; x_wconf 87' lang='lat' dir='ltr'><strong>a</strong></span> <span class='ocrx_word' id='word_1_132' title='bbox 445 1329 603 1381; x_wconf 92' lang='lat' dir='ltr'><strong>nobis</strong></span> <span class='ocrx_word' id='word_1_133' title='bbox 634 1332 881 1396; x_wconf 86' lang='lat' dir='ltr'><strong>receptus</strong></span> <span class='ocrx_word' id='word_1_134' title='bbox 921 1331 1101 1397; x_wconf 89' lang='lat' dir='ltr'><strong>potest</strong></span> <span class='ocrx_word' id='word_1_135' title='bbox 1131 1329 1237 1381; x_wconf 86' lang='lat' dir='ltr'><strong>nisi</strong></span> <span class='ocrx_word' id='word_1_136' title='bbox 1269 1330 1326 1381; x_wconf 91' lang='lat' dir='ltr'><strong>in</strong></span> <span class='ocrx_word' id='word_1_137' title='bbox 1355 1329 1549 1381; x_wconf 85' lang='lat' dir='ltr'><strong>laxiori</strong></span> <span class='ocrx_word' id='word_1_138' title='bbox 1582 1329 1821 1398; x_wconf 88' lang='lat' dir='ltr'><strong>corporis</strong></span> 
     </span>
     <span class='ocr_line' id='line_1_18' title="bbox 118 1403 1821 1473; baseline 0 -18"><span class='ocrx_word' id='word_1_139' title='bbox 118 1406 293 1472; x_wconf 85' lang='lat' dir='ltr'><strong>parte:</strong></span> <span class='ocrx_word' id='word_1_140' title='bbox 339 1421 451 1455; x_wconf 89' lang='lat' dir='ltr'><strong>non</strong></span> <span class='ocrx_word' id='word_1_141' title='bbox 490 1403 633 1455; x_wconf 91' lang='lat' dir='ltr'><strong>enim</strong></span> <span class='ocrx_word' id='word_1_142' title='bbox 672 1403 813 1455; x_wconf 89' lang='lat' dir='ltr'><strong>inter</strong></span> <span class='ocrx_word' id='word_1_143' title='bbox 851 1421 1044 1456; x_wconf 83' lang='lat' dir='ltr'><strong>nervos</strong></span> <span class='ocrx_word' id='word_1_144' title='bbox 1084 1405 1343 1473; x_wconf 85' lang='lat' dir='ltr'><strong>pulpasve</strong></span> <span class='ocrx_word' id='word_1_145' title='bbox 1384 1403 1476 1456; x_wconf 90' lang='lat' dir='ltr'><strong>sed</strong></span> <span class='ocrx_word' id='word_1_146' title='bbox 1514 1403 1571 1455; x_wconf 91' lang='lat' dir='ltr'><strong>in</strong></span> <span class='ocrx_word' id='word_1_147' title='bbox 1609 1403 1821 1458; x_wconf 87' lang='lat' dir='ltr'><strong>visceri-</strong></span> 
     </span>
     <span class='ocr_line' id='line_1_19' title="bbox 118 1477 1819 1547; baseline 0 -17"><span class='ocrx_word' id='word_1_148' title='bbox 118 1478 219 1530; x_wconf 87' lang='lat' dir='ltr'><strong>bus</strong></span> <span class='ocrx_word' id='word_1_149' title='bbox 274 1481 328 1531; x_wconf 93' lang='lat' dir='ltr'><strong>et</strong></span> <span class='ocrx_word' id='word_1_150' title='bbox 382 1478 569 1547; x_wconf 85' lang='lat' dir='ltr'><strong>patulo</strong></span> <span class='ocrx_word' id='word_1_151' title='bbox 624 1477 892 1530; x_wconf 91' lang='lat' dir='ltr'><strong>interioris</strong></span> <span class='ocrx_word' id='word_1_152' title='bbox 947 1478 1116 1547; x_wconf 82' lang='lat' dir='ltr'><strong>partis</strong></span> <span class='ocrx_word' id='word_1_153' title='bbox 1178 1496 1390 1531; x_wconf 89' lang='lat' dir='ltr'><strong>recessu</strong></span> <span class='ocrx_word' id='word_1_154' title='bbox 1445 1481 1819 1531; x_wconf 89' lang='lat' dir='ltr'><strong>commoratur.</strong></span> 
     </span>
     <span class='ocr_line' id='line_1_20' title="bbox 120 1552 1821 1622; baseline 0 -18"><span class='ocrx_word' id='word_1_155' title='bbox 120 1552 259 1605; x_wconf 91' lang='lat' dir='ltr'><strong>idem</strong></span> <span class='ocrx_word' id='word_1_156' title='bbox 301 1552 364 1605; x_wconf 90' lang='lat' dir='ltr'><strong>de</strong></span> <span class='ocrx_word' id='word_1_157' title='bbox 402 1556 545 1605; x_wconf 88' lang='lat' dir='ltr'><strong>terra</strong></span> <span class='ocrx_word' id='word_1_158' title='bbox 583 1553 841 1621; x_wconf 86' lang='lat' dir='ltr'><strong>suspicari</strong></span> <span class='ocrx_word' id='word_1_159' title='bbox 887 1552 1015 1605; x_wconf 82' lang='lat' dir='ltr'><strong>licet</strong></span> <span class='ocrx_word' id='word_1_160' title='bbox 1052 1553 1139 1605; x_wconf 87' lang='lat' dir='ltr'><strong>vel</strong></span> <span class='ocrx_word' id='word_1_161' title='bbox 1178 1571 1243 1606; x_wconf 84' lang='lat' dir='ltr'><strong>ex</strong></span> <span class='ocrx_word' id='word_1_162' title='bbox 1282 1552 1409 1621; x_wconf 86' lang='lat' dir='ltr'><strong>hoc,</strong></span> <span class='ocrx_word' id='word_1_163' title='bbox 1455 1552 1600 1622; x_wconf 92' lang='lat' dir='ltr'><strong>quod</strong></span> <span class='ocrx_word' id='word_1_164' title='bbox 1642 1556 1821 1606; x_wconf 87' lang='lat' dir='ltr'><strong>motus</strong></span> 
     </span>
     <span class='ocr_line' id='line_1_21' title="bbox 52 1627 1823 1681; baseline 0 -1"><span class='ocrx_word' id='word_1_165' title='bbox 52 1646 97 1680; x_wconf 66' lang='grc' dir='ltr'><strong>ὀ</strong></span> <span class='ocrx_word' id='word_1_166' title='bbox 118 1644 229 1680; x_wconf 91' lang='lat' dir='ltr'><strong>non</strong></span> <span class='ocrx_word' id='word_1_167' title='bbox 268 1627 325 1679; x_wconf 90' lang='lat' dir='ltr'><strong>in</strong></span> <span class='ocrx_word' id='word_1_168' title='bbox 365 1644 574 1679; x_wconf 87' lang='lat' dir='ltr'><strong>summa</strong></span> <span class='ocrx_word' id='word_1_169' title='bbox 611 1630 753 1679; x_wconf 85' lang='lat' dir='ltr'><strong>terra</strong></span> <span class='ocrx_word' id='word_1_170' title='bbox 793 1627 999 1681; x_wconf 82' lang='lat' dir='ltr'><strong>circave</strong></span> <span class='ocrx_word' id='word_1_171' title='bbox 1039 1645 1249 1680; x_wconf 89' lang='lat' dir='ltr'><strong>summa</strong></span> <span class='ocrx_word' id='word_1_172' title='bbox 1288 1631 1368 1680; x_wconf 86' lang='lat' dir='ltr'><strong>est</strong></span> <span class='ocrx_word' id='word_1_173' title='bbox 1416 1627 1509 1680; x_wconf 89' lang='lat' dir='ltr'><strong>sed</strong></span> <span class='ocrx_word' id='word_1_174' title='bbox 1548 1628 1732 1681; x_wconf 89' lang='lat' dir='ltr'><strong>subter</strong></span> <span class='ocrx_word' id='word_1_175' title='bbox 1770 1630 1823 1680; x_wconf 92' lang='lat' dir='ltr'><strong>et</strong></span> 
     </span>
     <span class='ocr_line' id='line_1_22' title="bbox 120 1701 1822 1772; baseline 0 -18"><span class='ocrx_word' id='word_1_176' title='bbox 120 1701 186 1754; x_wconf 87' lang='lat' dir='ltr'><strong>ab</strong></span> <span class='ocrx_word' id='word_1_177' title='bbox 243 1701 367 1755; x_wconf 87' lang='lat' dir='ltr'><strong>imo.</strong></span> <span class='ocrx_word' id='word_1_178' title='bbox 456 1702 616 1754; x_wconf 89' lang='lat' dir='ltr'><strong>huius</strong></span> <span class='ocrx_word' id='word_1_179' title='bbox 674 1701 930 1755; x_wconf 89' lang='lat' dir='ltr'><strong>indicium</strong></span> <span class='ocrx_word' id='word_1_180' title='bbox 992 1705 1094 1771; x_wconf 81' lang='lat' dir='ltr'><strong>est,</strong></span> <span class='ocrx_word' id='word_1_181' title='bbox 1151 1702 1295 1770; x_wconf 92' lang='lat' dir='ltr'><strong>quod</strong></span> <span class='ocrx_word' id='word_1_182' title='bbox 1354 1702 1651 1754; x_wconf 86' lang='lat' dir='ltr'><strong>altitudinis</strong></span> <span class='ocrx_word' id='word_1_183' title='bbox 1703 1720 1822 1772; x_wconf 88' lang='lat' dir='ltr'><strong>pro-</strong></span> 
     </span>
     <span class='ocr_line' id='line_1_23' title="bbox 119 1775 1823 1846; baseline 0.001 -18"><span class='ocrx_word' id='word_1_184' title='bbox 119 1775 317 1829; x_wconf 79' lang='lat' dir='ltr'><strong>fundae</strong></span> <span class='ocrx_word' id='word_1_185' title='bbox 356 1776 524 1828; x_wconf 88' lang='lat' dir='ltr'><strong>maria</strong></span> <span class='ocrx_word' id='word_1_186' title='bbox 563 1776 849 1845; x_wconf 82' lang='lat' dir='ltr'><strong>iactantur,</strong></span> <span class='ocrx_word' id='word_1_187' title='bbox 892 1777 1055 1830; x_wconf 89' lang='lat' dir='ltr'><strong>motis</strong></span> <span class='ocrx_word' id='word_1_188' title='bbox 1097 1777 1300 1830; x_wconf 81' lang='lat' dir='ltr'><strong>scilicet</strong></span> <span class='ocrx_word' id='word_1_189' title='bbox 1338 1777 1446 1845; x_wconf 89' lang='lat' dir='ltr'><strong>his,</strong></span> <span class='ocrx_word' id='word_1_190' title='bbox 1487 1794 1648 1846; x_wconf 85' lang='lat' dir='ltr'><strong>supra</strong></span> <span class='ocrx_word' id='word_1_191' title='bbox 1689 1795 1823 1846; x_wconf 88' lang='lat' dir='ltr'><strong>quae</strong></span> 
     </span>
     <span class='ocr_line' id='line_1_24' title="bbox 119 1850 1822 1922; baseline 0 -19"><span class='ocrx_word' id='word_1_192' title='bbox 119 1850 239 1903; x_wconf 79' lang='lat' dir='ltr'><strong>fusa</strong></span> <span class='ocrx_word' id='word_1_193' title='bbox 285 1854 432 1903; x_wconf 89' lang='lat' dir='ltr'><strong>sunt:</strong></span> <span class='ocrx_word' id='word_1_194' title='bbox 483 1868 610 1922; x_wconf 88' lang='lat' dir='ltr'><strong>ergo</strong></span> <span class='ocrx_word' id='word_1_195' title='bbox 651 1851 938 1903; x_wconf 85' lang='lat' dir='ltr'><strong>verisimile</strong></span> <span class='ocrx_word' id='word_1_196' title='bbox 987 1854 1066 1904; x_wconf 89' lang='lat' dir='ltr'><strong>est</strong></span> <span class='ocrx_word' id='word_1_197' title='bbox 1111 1854 1308 1904; x_wconf 86' lang='lat' dir='ltr'><strong>terram</strong></span> <span class='ocrx_word' id='word_1_198' title='bbox 1351 1870 1416 1904; x_wconf 86' lang='lat' dir='ltr'><strong>ex</strong></span> <span class='ocrx_word' id='word_1_199' title='bbox 1462 1853 1571 1904; x_wconf 86' lang='lat' dir='ltr'><strong>alto</strong></span> <span class='ocrx_word' id='word_1_200' title='bbox 1619 1852 1822 1905; x_wconf 85' lang='lat' dir='ltr'><strong>moveri</strong></span> 
     </span>
     <span class='ocr_line' id='line_1_25' title="bbox 121 1925 1822 1997; baseline 0.001 -20"><span class='ocrx_word' id='word_1_201' title='bbox 121 1928 175 1978; x_wconf 88' lang='lat' dir='ltr'><strong>et</strong></span> <span class='ocrx_word' id='word_1_202' title='bbox 206 1925 317 1977; x_wconf 88' lang='lat' dir='ltr'><strong>illic</strong></span> <span class='ocrx_word' id='word_1_203' title='bbox 348 1925 596 1995; x_wconf 88' lang='lat' dir='ltr'><strong>spiritum</strong></span> <span class='ocrx_word' id='word_1_204' title='bbox 623 1926 679 1978; x_wconf 91' lang='lat' dir='ltr'><strong>in</strong></span> <span class='ocrx_word' id='word_1_205' title='bbox 705 1925 943 1979; x_wconf 86' lang='lat' dir='ltr'><strong>cavernis</strong></span> <span class='ocrx_word' id='word_1_206' title='bbox 976 1926 1285 1997; x_wconf 83' lang='lat' dir='ltr'><strong>ingentibus</strong></span> <span class='ocrx_word' id='word_1_207' title='bbox 1318 1927 1541 1995; x_wconf 87' lang='lat' dir='ltr'><strong>concipi.</strong></span> <span class='ocrx_word' id='word_1_208' title='bbox 1600 1925 1822 1994; x_wconf 79' lang='lat' dir='ltr'><strong>‘immo&#39;,</strong></span> 
     </span>
     <span class='ocr_line' id='line_1_26' title="bbox 242 2041 1819 2100; baseline 0.001 -16"><span class='ocrx_word' id='word_1_209' title='bbox 242 2045 268 2084; x_wconf 83' lang='grc'><strong>8</strong></span> <span class='ocrx_word' id='word_1_210' title='bbox 301 2041 495 2087; x_wconf 82' lang='lat' dir='ltr'><strong>Homeri</strong></span> <span class='ocrx_word' id='word_1_211' title='bbox 517 2042 583 2087; x_wconf 84' lang='lat' dir='ltr'><strong>Il.</strong></span> <span class='ocrx_word' id='word_1_212' title='bbox 610 2042 712 2086; x_wconf 90' lang='lat' dir='ltr'><strong>VII</strong></span> <span class='ocrx_word' id='word_1_213' title='bbox 730 2045 818 2086; x_wconf 79' lang='lat'><strong>445</strong></span> <span class='ocrx_word' id='word_1_214' title='bbox 843 2048 883 2087; x_wconf 82' lang='lat' dir='ltr'><strong>et</strong></span> <span class='ocrx_word' id='word_1_215' title='bbox 908 2043 1034 2087; x_wconf 79' lang='lat' dir='ltr'><strong>alibi.</strong></span> <span class='ocrx_word' id='word_1_216' title='bbox 1061 2045 1074 2100; x_wconf 85' lang='grc' dir='ltr'><strong>ΙΙ</strong></span> <span class='ocrx_word' id='word_1_217' title='bbox 1098 2047 1255 2085; x_wconf 85' lang='grc'><strong>11-13</strong></span> <span class='ocrx_word' id='word_1_218' title='bbox 1281 2043 1338 2098; x_wconf 81' lang='lat' dir='ltr'><strong>cf.</strong></span> <span class='ocrx_word' id='word_1_219' title='bbox 1358 2043 1535 2088; x_wconf 79' lang='lat' dir='ltr'><strong>Aetnae</strong></span> <span class='ocrx_word' id='word_1_220' title='bbox 1560 2058 1597 2087; x_wconf 86' lang='lat' dir='ltr'><strong>v.</strong></span> <span class='ocrx_word' id='word_1_221' title='bbox 1618 2046 1713 2087; x_wconf 80' lang='lat'><strong>283</strong></span> <span class='ocrx_word' id='word_1_222' title='bbox 1730 2057 1819 2099; x_wconf 78' lang='lat' dir='ltr'><strong>sqq.</strong></span> 
     </span>
     <span class='ocr_line' id='line_1_27' title="bbox 121 2102 1823 2163; baseline 0.001 -17"><span class='ocrx_word' id='word_1_223' title='bbox 121 2114 199 2146; x_wconf 71' lang='lat' dir='ltr'><strong>seu</strong></span> <span class='ocrx_word' id='word_1_224' title='bbox 221 2103 338 2156; x_wconf 77' lang='lat' dir='ltr'><strong>sorte</strong></span> <span class='ocrx_word' id='word_1_225' title='bbox 361 2115 581 2147; x_wconf 82' lang='lat' dir='ltr'><strong>cavernae</strong></span> <span class='ocrx_word' id='word_1_226' title='bbox 604 2102 908 2159; x_wconf 66' lang='lat' dir='ltr'><strong>inbroitusque</strong></span> <span class='ocrx_word' id='word_1_227' title='bbox 931 2103 1023 2163; x_wconf 74' lang='lat' dir='ltr'><strong>ipsi</strong></span> <span class='ocrx_word' id='word_1_228' title='bbox 1044 2107 1232 2158; x_wconf 75' lang='lat' dir='ltr'><strong>servent,</strong></span> <span class='ocrx_word' id='word_1_229' title='bbox 1256 2116 1334 2147; x_wconf 81' lang='lat' dir='ltr'><strong>seu</strong></span> <span class='ocrx_word' id='word_1_230' title='bbox 1358 2108 1479 2147; x_wconf 83' lang='lat' dir='ltr'><strong>terra</strong></span> <span class='ocrx_word' id='word_1_231' title='bbox 1503 2103 1696 2147; x_wconf 76' lang='lat' dir='ltr'><strong>minutis</strong></span> <span class='ocrx_word' id='word_1_232' title='bbox 1710 2118 1823 2148; x_wconf 84' lang='lat' dir='ltr'><strong>rara</strong></span> 
     </span>
    </p>
   </div>
   <div class='ocr_carea' id='block_1_3' title="bbox 121 2161 1823 2278">
    <p class='ocr_par' dir='ltr' id='par_1_3' title="bbox 121 2161 1823 2278">
     <span class='ocr_line' id='line_1_28' title="bbox 121 2161 1823 2219; baseline 0.001 -13"><span class='ocrx_word' id='word_1_233' title='bbox 121 2161 431 2216; x_wconf 74' lang='lat' dir='ltr'><strong>foraminibus</strong></span> <span class='ocrx_word' id='word_1_234' title='bbox 461 2166 615 2206; x_wconf 73' lang='lat' dir='ltr'><strong>tenues</strong></span> <span class='ocrx_word' id='word_1_235' title='bbox 645 2162 697 2205; x_wconf 81' lang='lat' dir='ltr'><strong>in</strong></span> <span class='ocrx_word' id='word_1_236' title='bbox 728 2175 773 2206; x_wconf 79' lang='lat' dir='ltr'><strong>se</strong></span> <span class='ocrx_word' id='word_1_237' title='bbox 803 2163 1041 2207; x_wconf 79' lang='lat' dir='ltr'><strong>abstrahat</strong></span> <span class='ocrx_word' id='word_1_238' title='bbox 1072 2176 1215 2207; x_wconf 78' lang='lat' dir='ltr'><strong>auras</strong></span> <span class='ocrx_word' id='word_1_239' title='bbox 1242 2197 1248 2206; x_wconf 93' lang='lat'><strong><em>.</em></strong></span> <span class='ocrx_word' id='word_1_240' title='bbox 1277 2196 1285 2205; x_wconf 90' lang='lat'><strong>.</strong></span> <span class='ocrx_word' id='word_1_241' title='bbox 1320 2164 1334 2219; x_wconf 89' lang='grc' dir='ltr'><strong>ΙΙ</strong></span> <span class='ocrx_word' id='word_1_242' title='bbox 1365 2166 1431 2206; x_wconf 86' lang='grc'><strong>13.</strong></span> <span class='ocrx_word' id='word_1_243' title='bbox 1464 2167 1523 2206; x_wconf 82' lang='grc'><strong>20</strong></span> <span class='ocrx_word' id='word_1_244' title='bbox 1555 2163 1612 2217; x_wconf 79' lang='lat' dir='ltr'><strong>cf.</strong></span> <span class='ocrx_word' id='word_1_245' title='bbox 1646 2163 1823 2207; x_wconf 76' lang='lat' dir='ltr'><strong>Aetnae</strong></span> 
     </span>
     <span class='ocr_line' id='line_1_29' title="bbox 123 2220 1644 2278; baseline 0.001 -14"><span class='ocrx_word' id='word_1_246' title='bbox 123 2234 161 2264; x_wconf 87' lang='lat' dir='ltr'><strong>v.</strong></span> <span class='ocrx_word' id='word_1_247' title='bbox 188 2224 280 2265; x_wconf 87' lang='grc'><strong>158</strong></span> <span class='ocrx_word' id='word_1_248' title='bbox 317 2220 396 2266; x_wconf 74' lang='lat' dir='ltr'><strong>sed</strong></span> <span class='ocrx_word' id='word_1_249' title='bbox 425 2222 613 2266; x_wconf 66' lang='lat' dir='ltr'><strong>summis</strong></span> <span class='ocrx_word' id='word_1_250' title='bbox 643 2223 687 2265; x_wconf 70' lang='lat' dir='ltr'><strong>si</strong></span> <span class='ocrx_word' id='word_1_251' title='bbox 722 2223 838 2277; x_wconf 77' lang='lat' dir='ltr'><strong>forte</strong></span> <span class='ocrx_word' id='word_1_252' title='bbox 866 2227 1007 2278; x_wconf 81' lang='lat' dir='ltr'><strong>putas</strong></span> <span class='ocrx_word' id='word_1_253' title='bbox 1036 2236 1312 2268; x_wconf 73' lang='lat' dir='ltr'><strong>concrescere</strong></span> <span class='ocrx_word' id='word_1_254' title='bbox 1338 2256 1346 2266; x_wconf 92' lang='lat'>.</span> <span class='ocrx_word' id='word_1_255' title='bbox 1375 2256 1416 2276; x_wconf 94' lang='lat'><strong>.‚</strong></span> <span class='ocrx_word' id='word_1_256' title='bbox 1453 2222 1644 2277; x_wconf 79' lang='lat' dir='ltr'><strong>falleris.</strong></span> 
     </span>
    </p>
   </div>
   <div class='ocr_carea' id='block_1_4' title="bbox 125 2324 1825 2977">
    <p class='ocr_par' dir='ltr' id='par_1_4' title="bbox 125 2324 1825 2977">
     <span class='ocr_line' id='line_1_30' title="bbox 241 2324 1823 2385; baseline 0.003 -17"><span class='ocrx_word' id='word_1_257' title='bbox 241 2328 270 2368; x_wconf 78' lang='lat'>2</span> <span class='ocrx_word' id='word_1_258' title='bbox 302 2326 393 2384; x_wconf 82' lang='lat' dir='ltr'><strong>est]</strong></span> <span class='ocrx_word' id='word_1_259' title='bbox 426 2332 531 2370; x_wconf 75' lang='lat' dir='ltr'><strong>ante</strong></span> <span class='ocrx_word' id='word_1_260' title='bbox 563 2324 643 2369; x_wconf 88' lang='lat' dir='ltr'><strong>ille</strong></span> <span class='ocrx_word' id='word_1_261' title='bbox 667 2326 824 2382; x_wconf 54' lang='grc' dir='ltr'><strong>ΒΗΤ)</strong></span> <span class='ocrx_word' id='word_1_262' title='bbox 851 2331 956 2382; x_wconf 73' lang='lat' dir='ltr'><strong>post</strong></span> <span class='ocrx_word' id='word_1_263' title='bbox 986 2341 1092 2370; x_wconf 89' lang='lat' dir='ltr'><strong>cum</strong></span> <span class='ocrx_word' id='word_1_264' title='bbox 1117 2327 1156 2371; x_wconf 72' lang='grc' dir='ltr'><strong>δ’</strong></span> <span class='ocrx_word' id='word_1_265' title='bbox 1187 2328 1200 2383; x_wconf 88' lang='grc' dir='ltr'><strong>ΙΙ</strong></span> <span class='ocrx_word' id='word_1_266' title='bbox 1233 2330 1257 2369; x_wconf 79' lang='grc'><strong>5</strong></span> <span class='ocrx_word' id='word_1_267' title='bbox 1289 2328 1471 2385; x_wconf 71' lang='grc' dir='ltr'>αρροε.]</span> <span class='ocrx_word' id='word_1_268' title='bbox 1505 2327 1723 2384; x_wconf 79' lang='lat' dir='ltr'><strong>opposita</strong></span> <span class='ocrx_word' id='word_1_269' title='bbox 1748 2328 1786 2372; x_wconf 69' lang='grc' dir='ltr'><strong>δ’</strong></span> <span class='ocrx_word' id='word_1_270' title='bbox 1809 2330 1823 2384; x_wconf 89' lang='grc' dir='ltr'><strong>ΙΙ</strong></span> 
     </span>
     <span class='ocr_line' id='line_1_31' title="bbox 125 2384 1823 2443; baseline 0.002 -15"><span class='ocrx_word' id='word_1_271' title='bbox 125 2387 153 2428; x_wconf 75' lang='lat'>0</span> <span class='ocrx_word' id='word_1_272' title='bbox 174 2384 338 2443; x_wconf 74' lang='lat' dir='ltr'><strong>maris]</strong></span> <span class='ocrx_word' id='word_1_273' title='bbox 362 2399 444 2429; x_wconf 89' lang='lat' dir='ltr'><strong>om.</strong></span> <span class='ocrx_word' id='word_1_274' title='bbox 460 2385 656 2439; x_wconf 77' lang='lat' dir='ltr'><strong>BGertz,</strong></span> <span class='ocrx_word' id='word_1_275' title='bbox 681 2387 829 2430; x_wconf 75' lang='lat' dir='ltr'><strong>terras</strong></span> <span class='ocrx_word' id='word_1_276' title='bbox 850 2387 904 2431; x_wconf 83' lang='lat' dir='ltr'><strong>G.</strong></span> <span class='ocrx_word' id='word_1_277' title='bbox 921 2386 1107 2440; x_wconf 68' lang='lat' dir='ltr'><strong>Muller,</strong></span> <span class='ocrx_word' id='word_1_278' title='bbox 1132 2386 1209 2431; x_wconf 80' lang='lat' dir='ltr'><strong>sed</strong></span> <span class='ocrx_word' id='word_1_279' title='bbox 1232 2387 1288 2440; x_wconf 80' lang='lat' dir='ltr'><strong>cf.</strong></span> <span class='ocrx_word' id='word_1_280' title='bbox 1306 2387 1502 2431; x_wconf 67' lang='lat' dir='ltr'><strong>Kalmer</strong></span> <span class='ocrx_word' id='word_1_281' title='bbox 1516 2387 1633 2443; x_wconf 80' lang='lat' dir='ltr'><strong>IIp.</strong></span> <span class='ocrx_word' id='word_1_282' title='bbox 1651 2391 1791 2440; x_wconf 80' lang='lat'><strong><em>552,4</em></strong></span> <span class='ocrx_word' id='word_1_283' title='bbox 1809 2389 1823 2443; x_wconf 89' lang='grc' dir='ltr'><strong>ΙΙ</strong></span> 
     </span>
     <span class='ocr_line' id='line_1_32' title="bbox 125 2442 1823 2504; baseline 0.002 -17"><span class='ocrx_word' id='word_1_284' title='bbox 125 2447 152 2487; x_wconf 81' lang='grc'><strong>’1</strong></span> <span class='ocrx_word' id='word_1_285' title='bbox 184 2442 345 2489; x_wconf 72' lang='lat' dir='ltr'><strong>litera-</strong></span> <span class='ocrx_word' id='word_1_286' title='bbox 378 2444 518 2504; x_wconf 81' lang='lat' dir='ltr'><strong>trad.]</strong></span> <span class='ocrx_word' id='word_1_287' title='bbox 550 2458 715 2503; x_wconf 74' lang='lat' dir='ltr'><strong>grecas</strong></span> <span class='ocrx_word' id='word_1_288' title='bbox 738 2445 846 2489; x_wconf 82' lang='lat' dir='ltr'><strong>add.</strong></span> <span class='ocrx_word' id='word_1_289' title='bbox 872 2450 991 2503; x_wconf 74' lang='grc' dir='ltr'><strong>ηΕΤ</strong></span> <span class='ocrx_word' id='word_1_290' title='bbox 1022 2459 1266 2504; x_wconf 79' lang='lat' dir='ltr'><strong>grecorum</strong></span> <span class='ocrx_word' id='word_1_291' title='bbox 1292 2451 1397 2503; x_wconf 80' lang='lat' dir='ltr'><strong>post</strong></span> <span class='ocrx_word' id='word_1_292' title='bbox 1421 2445 1591 2491; x_wconf 86' lang='lat' dir='ltr'><strong>didicit</strong></span> <span class='ocrx_word' id='word_1_293' title='bbox 1614 2446 1720 2491; x_wconf 85' lang='lat' dir='ltr'><strong>add.</strong></span> <span class='ocrx_word' id='word_1_294' title='bbox 1748 2447 1787 2491; x_wconf 78' lang='lat'><strong>&lt;5</strong></span> <span class='ocrx_word' id='word_1_295' title='bbox 1810 2448 1823 2503; x_wconf 86' lang='grc' dir='ltr'><strong>ΙΙ</strong></span> 
     </span>
     <span class='ocr_line' id='line_1_33' title="bbox 127 2501 1824 2608; baseline 0.001 -61"><span class='ocrx_word' id='word_1_296' title='bbox 127 2505 154 2545; x_wconf 70' lang='grc'>1</span> <span class='ocrx_word' id='word_1_297' title='bbox 184 2501 425 2548; x_wconf 84' lang='lat' dir='ltr'><strong>homerum</strong></span> <span class='ocrx_word' id='word_1_298' title='bbox 448 2504 543 2563; x_wconf 73' lang='lat'><strong>11]</strong></span> <span class='ocrx_word' id='word_1_299' title='bbox 575 2503 739 2549; x_wconf 87' lang='lat' dir='ltr'><strong>horum</strong></span> <span class='ocrx_word' id='word_1_300' title='bbox 767 2506 821 2548; x_wconf 81' lang='grc' dir='ltr'><em>Φ</em></span> <span class='ocrx_word' id='word_1_301' title='bbox 851 2518 930 2549; x_wconf 80' lang='lat' dir='ltr'><strong>eos</strong></span> <span class='ocrx_word' id='word_1_302' title='bbox 962 2506 1000 2550; x_wconf 76' lang='grc' dir='ltr'><em>δ</em></span> <span class='ocrx_word' id='word_1_303' title='bbox 1024 2502 1383 2608; x_wconf 45' lang='grc' dir='ltr'><strong>ὶΙἘνοσίχθονα</strong></span> <span class='ocrx_word' id='word_1_304' title='bbox 1415 2507 1620 2565; x_wconf 79' lang='lat' dir='ltr'><strong>Fickert]</strong></span> <span class='ocrx_word' id='word_1_305' title='bbox 1652 2506 1824 2563; x_wconf 88' lang='lat' dir='ltr'><strong>mesip·</strong></span> 
     </span>
     <span class='ocr_line' id='line_1_34' title="bbox 127 2563 1822 2624; baseline 0.002 -18"><span class='ocrx_word' id='word_1_306' title='bbox 127 2563 240 2606; x_wconf 69' lang='lat' dir='ltr'><strong>tona</strong></span> <span class='ocrx_word' id='word_1_307' title='bbox 270 2564 375 2621; x_wconf 83' lang='lat' dir='ltr'><strong>(ppt</strong></span> <span class='ocrx_word' id='word_1_308' title='bbox 396 2565 451 2620; x_wconf 83' lang='grc' dir='ltr'><strong>Δ)</strong></span> <span class='ocrx_word' id='word_1_309' title='bbox 485 2565 522 2608; x_wconf 78' lang='lat'><strong>&lt;5</strong></span> <span class='ocrx_word' id='word_1_310' title='bbox 552 2563 903 2621; x_wconf 82' lang='lat' dir='ltr'><strong>mesibipthona</strong></span> <span class='ocrx_word' id='word_1_311' title='bbox 934 2563 1024 2620; x_wconf 83' lang='lat' dir='ltr'><strong>(bit</strong></span> <span class='ocrx_word' id='word_1_312' title='bbox 1080 2566 1160 2609; x_wconf 69' lang='lat'><strong>13).</strong></span> <span class='ocrx_word' id='word_1_313' title='bbox 1193 2564 1331 2623; x_wconf 82' lang='lat' dir='ltr'><strong>b1pht</strong></span> <span class='ocrx_word' id='word_1_314' title='bbox 1353 2569 1403 2621; x_wconf 82' lang='grc' dir='ltr'><strong>Τ)</strong></span> <span class='ocrx_word' id='word_1_315' title='bbox 1431 2567 1497 2619; x_wconf 86' lang='grc' dir='ltr'><strong>Φ,</strong></span> <span class='ocrx_word' id='word_1_316' title='bbox 1530 2564 1822 2624; x_wconf 79' lang='grc' dir='ltr'><strong><em>Σεισίχθονα</em></strong></span> 
     </span>
     <span class='ocr_line' id='line_1_35' title="bbox 128 2621 1821 2684; baseline 0.001 -18"><span class='ocrx_word' id='word_1_317' title='bbox 128 2621 323 2667; x_wconf 72' lang='lat' dir='ltr'><strong>For-tum.</strong></span> <span class='ocrx_word' id='word_1_318' title='bbox 355 2625 370 2680; x_wconf 91' lang='grc' dir='ltr'>Ι</span> <span class='ocrx_word' id='word_1_319' title='bbox 401 2628 446 2667; x_wconf 83' lang='grc'><strong>11</strong></span> <span class='ocrx_word' id='word_1_320' title='bbox 478 2626 583 2683; x_wconf 84' lang='lat' dir='ltr'><strong>nec]</strong></span> <span class='ocrx_word' id='word_1_321' title='bbox 617 2627 665 2667; x_wconf 86' lang='lat' dir='ltr'><strong>et</strong></span> <span class='ocrx_word' id='word_1_322' title='bbox 696 2625 734 2669; x_wconf 76' lang='grc' dir='ltr'><em>δ</em></span> <span class='ocrx_word' id='word_1_323' title='bbox 762 2627 768 2681; x_wconf 89' lang='grc' dir='ltr'>Ι</span> <span class='ocrx_word' id='word_1_324' title='bbox 796 2624 991 2683; x_wconf 83' lang='lat' dir='ltr'><strong>compr]</strong></span> <span class='ocrx_word' id='word_1_325' title='bbox 1022 2623 1246 2682; x_wconf 85' lang='lat' dir='ltr'><strong>incompr.</strong></span> <span class='ocrx_word' id='word_1_326' title='bbox 1273 2626 1312 2670; x_wconf 79' lang='grc' dir='ltr'><em>δ</em></span> <span class='ocrx_word' id='word_1_327' title='bbox 1342 2627 1356 2682; x_wconf 87' lang='grc' dir='ltr'><strong>ΙΙ</strong></span> <span class='ocrx_word' id='word_1_328' title='bbox 1388 2629 1440 2668; x_wconf 81' lang='grc'><strong>12</strong></span> <span class='ocrx_word' id='word_1_329' title='bbox 1472 2626 1547 2684; x_wconf 84' lang='lat' dir='ltr'><strong>ac]</strong></span> <span class='ocrx_word' id='word_1_330' title='bbox 1579 2628 1628 2670; x_wconf 81' lang='lat' dir='ltr'><strong>et</strong></span> <span class='ocrx_word' id='word_1_331' title='bbox 1651 2628 1730 2683; x_wconf 70' lang='grc' dir='ltr'><strong>ὄρ</strong></span> <span class='ocrx_word' id='word_1_332' title='bbox 1763 2639 1821 2669; x_wconf 80' lang='lat' dir='ltr'><strong>an</strong></span> 
     </span>
     <span class='ocr_line' id='line_1_36' title="bbox 127 2682 1802 2743; baseline 0.003 -20"><span class='ocrx_word' id='word_1_333' title='bbox 127 2684 163 2723; x_wconf 72' lang='lat'><em>8</em></span> <span class='ocrx_word' id='word_1_334' title='bbox 190 2682 198 2737; x_wconf 87' lang='grc' dir='ltr'>Ι</span> <span class='ocrx_word' id='word_1_335' title='bbox 228 2684 324 2739; x_wconf 70' lang='lat' dir='ltr'><strong>pat.</strong></span> <span class='ocrx_word' id='word_1_336' title='bbox 348 2682 406 2743; x_wconf 72' lang='lat' dir='ltr'><strong>A]</strong></span> <span class='ocrx_word' id='word_1_337' title='bbox 439 2683 706 2740; x_wconf 80' lang='lat' dir='ltr'><strong>potentiora</strong></span> <span class='ocrx_word' id='word_1_338' title='bbox 734 2686 739 2740; x_wconf 79' lang='grc' dir='ltr'>Ι</span> <span class='ocrx_word' id='word_1_339' title='bbox 776 2697 835 2727; x_wconf 85' lang='lat' dir='ltr'><strong>an</strong></span> <span class='ocrx_word' id='word_1_340' title='bbox 888 2697 973 2729; x_wconf 87' lang='lat' dir='ltr'><strong>om.</strong></span> <span class='ocrx_word' id='word_1_341' title='bbox 998 2699 1032 2743; x_wconf 75' lang='grc' dir='ltr'><em>ρ</em></span> <span class='ocrx_word' id='word_1_342' title='bbox 1064 2687 1077 2741; x_wconf 92' lang='grc' dir='ltr'><strong>ΙΙ</strong></span> <span class='ocrx_word' id='word_1_343' title='bbox 1108 2688 1159 2727; x_wconf 76' lang='lat'><strong>14</strong></span> <span class='ocrx_word' id='word_1_344' title='bbox 1192 2684 1260 2743; x_wconf 91' lang='lat' dir='ltr'><strong>in]</strong></span> <span class='ocrx_word' id='word_1_345' title='bbox 1293 2699 1377 2729; x_wconf 84' lang='lat' dir='ltr'><strong>om.</strong></span> <span class='ocrx_word' id='word_1_346' title='bbox 1404 2686 1437 2729; x_wconf 82' lang='grc' dir='ltr'><strong><em>λ</em></strong></span> <span class='ocrx_word' id='word_1_347' title='bbox 1470 2687 1484 2742; x_wconf 80' lang='grc' dir='ltr'>Η</span> <span class='ocrx_word' id='word_1_348' title='bbox 1515 2688 1565 2728; x_wconf 77' lang='grc'><strong>15</strong></span> <span class='ocrx_word' id='word_1_349' title='bbox 1598 2699 1681 2743; x_wconf 89' lang='lat' dir='ltr'><strong>per</strong></span> <span class='ocrx_word' id='word_1_350' title='bbox 1712 2699 1802 2740; x_wconf 90' lang='lat' dir='ltr'><strong>que</strong></span> 
     </span>
     <span class='ocr_line' id='line_1_37' title="bbox 126 2744 1825 2803; baseline 0.002 -18"><span class='ocrx_word' id='word_1_351' title='bbox 126 2754 183 2785; x_wconf 73' lang='lat' dir='ltr'><strong>sc.</strong></span> <span class='ocrx_word' id='word_1_352' title='bbox 210 2755 345 2787; x_wconf 78' lang='lat' dir='ltr'><strong>nam</strong></span> <span class='ocrx_word' id='word_1_353' title='bbox 374 2748 414 2787; x_wconf 80' lang='lat' dir='ltr'><strong>et</strong></span> <span class='ocrx_word' id='word_1_354' title='bbox 444 2757 507 2796; x_wconf 74' lang='grc' dir='ltr'><strong>οε,</strong></span> <span class='ocrx_word' id='word_1_355' title='bbox 539 2756 623 2800; x_wconf 87' lang='lat' dir='ltr'><strong>per</strong></span> <span class='ocrx_word' id='word_1_356' title='bbox 646 2756 784 2799; x_wconf 84' lang='lat' dir='ltr'><strong>quem</strong></span> <span class='ocrx_word' id='word_1_357' title='bbox 856 2747 891 2786; x_wconf 72' lang='lat'><em>8</em></span> <span class='ocrx_word' id='word_1_358' title='bbox 922 2758 982 2788; x_wconf 77' lang='lat' dir='ltr'><strong>sc.</strong></span> <span class='ocrx_word' id='word_1_359' title='bbox 1003 2758 1088 2800; x_wconf 83' lang='lat' dir='ltr'><strong>per</strong></span> <span class='ocrx_word' id='word_1_360' title='bbox 1111 2744 1374 2801; x_wconf 76' lang='lat' dir='ltr'><strong>pulmonem</strong></span> <span class='ocrx_word' id='word_1_361' title='bbox 1401 2746 1407 2801; x_wconf 90' lang='grc' dir='ltr'>Ι</span> <span class='ocrx_word' id='word_1_362' title='bbox 1436 2745 1540 2803; x_wconf 90' lang='lat' dir='ltr'><strong>nec]</strong></span> <span class='ocrx_word' id='word_1_363' title='bbox 1566 2759 1623 2789; x_wconf 91' lang='lat' dir='ltr'><strong>ne</strong></span> <span class='ocrx_word' id='word_1_364' title='bbox 1652 2745 1786 2789; x_wconf 75' lang='lat' dir='ltr'><strong>Gertz</strong></span> <span class='ocrx_word' id='word_1_365' title='bbox 1821 2745 1825 2802; x_wconf 89' lang='grc' dir='ltr'>Ι</span> 
     </span>
     <span class='ocr_line' id='line_1_38' title="bbox 127 2801 1823 2862; baseline 0.002 -20"><span class='ocrx_word' id='word_1_366' title='bbox 127 2804 177 2843; x_wconf 82' lang='grc'><strong>17</strong></span> <span class='ocrx_word' id='word_1_367' title='bbox 203 2801 389 2860; x_wconf 82' lang='lat' dir='ltr'><strong>neruos]</strong></span> <span class='ocrx_word' id='word_1_368' title='bbox 421 2806 670 2859; x_wconf 84' lang='lat' dir='ltr'><strong>nu(mer)os</strong></span> <span class='ocrx_word' id='word_1_369' title='bbox 695 2803 729 2846; x_wconf 80' lang='grc' dir='ltr'><strong><em>λ</em></strong></span> <span class='ocrx_word' id='word_1_370' title='bbox 757 2805 764 2859; x_wconf 86' lang='grc' dir='ltr'>Ι</span> <span class='ocrx_word' id='word_1_371' title='bbox 790 2802 942 2862; x_wconf 86' lang='lat' dir='ltr'><strong>pulp.]</strong></span> <span class='ocrx_word' id='word_1_372' title='bbox 999 2802 1135 2847; x_wconf 84' lang='lat' dir='ltr'><strong>ulnas</strong></span> <span class='ocrx_word' id='word_1_373' title='bbox 1168 2817 1226 2847; x_wconf 91' lang='lat' dir='ltr'><strong>ue</strong></span> <span class='ocrx_word' id='word_1_374' title='bbox 1252 2805 1318 2861; x_wconf 81' lang='grc' dir='ltr'><strong>(λ)</strong></span> <span class='ocrx_word' id='word_1_375' title='bbox 1343 2808 1359 2861; x_wconf 79' lang='grc' dir='ltr'><strong>ΙΙ</strong></span> <span class='ocrx_word' id='word_1_376' title='bbox 1382 2808 1441 2847; x_wconf 82' lang='lat'><strong>20</strong></span> <span class='ocrx_word' id='word_1_377' title='bbox 1473 2804 1673 2862; x_wconf 83' lang='lat' dir='ltr'><strong>summa]</strong></span> <span class='ocrx_word' id='word_1_378' title='bbox 1701 2818 1823 2847; x_wconf 90' lang='lat' dir='ltr'><strong>sum-</strong></span> 
     </span>
     <span class='ocr_line' id='line_1_39' title="bbox 127 2861 1822 2922; baseline 0.002 -20"><span class='ocrx_word' id='word_1_379' title='bbox 127 2861 438 2918; x_wconf 68' lang='lat' dir='ltr'><strong>mamoflm</strong></span> <span class='ocrx_word' id='word_1_380' title='bbox 470 2861 561 2920; x_wconf 80' lang='lat' dir='ltr'><strong>est]</strong></span> <span class='ocrx_word' id='word_1_381' title='bbox 593 2876 676 2907; x_wconf 81' lang='lat' dir='ltr'><strong>om.</strong></span> <span class='ocrx_word' id='word_1_382' title='bbox 711 2863 792 2907; x_wconf 66' lang='grc' dir='ltr'><strong>δε</strong></span> <span class='ocrx_word' id='word_1_383' title='bbox 825 2864 927 2919; x_wconf 68' lang='lat'><strong>[128</strong></span> <span class='ocrx_word' id='word_1_384' title='bbox 1014 2864 1086 2921; x_wconf 80' lang='lat' dir='ltr'><strong>sa]</strong></span> <span class='ocrx_word' id='word_1_385' title='bbox 1119 2864 1402 2920; x_wconf 52' lang='lat' dir='ltr'><strong>madum</strong></span> <span class='ocrx_word' id='word_1_386' title='bbox 1435 2863 1503 2922; x_wconf 91' lang='lat' dir='ltr'><strong>in]</strong></span> <span class='ocrx_word' id='word_1_387' title='bbox 1537 2877 1591 2907; x_wconf 88' lang='lat' dir='ltr'><strong>ex</strong></span> <span class='ocrx_word' id='word_1_388' title='bbox 1624 2864 1662 2908; x_wconf 72' lang='grc' dir='ltr'><em>δ</em></span> <span class='ocrx_word' id='word_1_389' title='bbox 1698 2862 1704 2922; x_wconf 86' lang='grc' dir='ltr'>Ι</span> <span class='ocrx_word' id='word_1_390' title='bbox 1738 2862 1822 2906; x_wconf 88' lang='lat' dir='ltr'><strong>im-</strong></span> 
     </span>
     <span class='ocr_line' id='line_1_40' title="bbox 127 2918 512 2977; baseline 0.005 -15"><span class='ocrx_word' id='word_1_391' title='bbox 127 2920 225 2977; x_wconf 85' lang='lat' dir='ltr'><strong>mo]</strong></span> <span class='ocrx_word' id='word_1_392' title='bbox 258 2918 351 2963; x_wconf 85' lang='lat' dir='ltr'><strong>imo</strong></span> <span class='ocrx_word' id='word_1_393' title='bbox 382 2923 512 2964; x_wconf 67' lang='lat'><strong>811</strong></span> 
     </span>
    </p>
   </div>
  </div>
 </body>
</html>
