1988 3138
464 69 690 115 NATUR.
724 69 976 124 QUAEST.
1008 69 1120 115 LIB.
1153 70 1252 115 VH.
1286 75 1495 116 13—15..
1718 72 1827 125 249

122 194 266 245 caret
294 194 350 243 et
386 191 463 244 ibi
496 191 790 244 detineret?
851 191 1041 244 deinde
1073 192 1218 261 quod
1248 195 1428 245 tantae
1461 193 1827 247 crassitudinis
1859 207 1887 246 2

122 269 219 333 est,
263 283 480 318 necesse
519 269 601 318 est
638 269 693 318 et
729 267 913 336 magni
950 266 1204 335 ponderis
1245 267 1336 320 sit:
1389 267 1659 336 quomodo
1699 287 1827 339 ergo

46 372 50 375 -
122 340 180 393 iu
225 358 435 393 summo
480 343 700 393 manent
745 340 966 411 gravia?
1043 341 1314 410 quomodo
1361 341 1456 394 illa
1501 343 1671 396 moles
1716 361 1827 396 non

122 413 396 467 descendit
447 417 503 467 et
555 433 612 466 se
667 432 826 467 onere
881 433 979 468 suo
1031 415 1271 486 frangit?
1353 416 1470 468 fieri
1522 418 1665 469 enim
1716 435 1828 470 non

77 510 99 544 ο
120 491 316 558 potest,
365 492 427 541 ut
476 492 626 541 tanta
664 490 744 541 vis
795 489 1065 558 ponderis,
1105 493 1361 558 quantam
1400 491 1492 543 ifle
1532 491 1827 560 substituit,

119 563 351 633 pendeat
389 567 444 615 et
480 562 690 616 levibus
730 564 916 615 innixa
955 564 1047 633 sit3
1095 582 1164 617 ne
1215 565 1352 617 fllud
1391 565 1607 634 quidem
1647 569 1828 635 potest
1858 579 1886 619 3

121 637 242 705 dici,
279 638 608 690 extrinsecus
659 656 774 690 esse
825 638 1007 706 aliqua
1042 639 1353 706 retinacula,
1405 639 1600 708 quibus
1640 641 1827 694 cadere

118 711 486 782 prohibeatur,
521 729 621 765 nec
649 730 835 765 rursus
867 712 933 765 de
963 713 1140 766 medio
1181 713 1386 782 aliquid
1425 733 1540 767 esse
1572 716 1827 784 oppositi,

120 786 265 855 quod
303 786 589 839 imminens
622 803 816 856 corpus
849 787 1084 856 excipiat
1119 805 1180 840 ac
1218 787 1429 858 fulciat3
1468 789 1604 842 illud
1643 790 1828 843 etiam-
1876 845 1884 854 ,

52 882 99 917 ιο
116 878 262 914 nunc
299 879 457 914 nemo
498 861 672 914 dicere
711 861 943 929 audebit,
982 863 1242 915 mundum
1282 862 1411 916 ferri
1460 882 1556 932 per
1606 864 1826 918 immen-

119 953 239 988 sum
295 939 351 988 et
402 935 588 988 cadere
636 935 877 1004 quidem,
932 936 1024 989 sed
1076 955 1188 990 non
1235 955 1490 1006 apparere
1542 957 1608 990 an
1658 939 1826 1008 cadat,

119 1010 247 1079 quia
294 1009 666 1079 praecipitatio
719 1010 833 1063 eius
885 1014 1098 1063 aeterna
1144 1015 1247 1079 est,
1295 1011 1437 1064 nihil
1473 1012 1677 1066 habens
1731 1032 1825 1067 no-

116 1084 415 1153 vissimum,
445 1085 502 1137 in
534 1085 679 1154 quod
711 1085 961 1137 incurrat.
1025 1084 1128 1139 hoc
1160 1086 1379 1155 quidam
1412 1086 1477 1140 de
1508 1091 1650 1140 terra
1682 1088 1823 1141 dixe·
1856 1101 1885 1140 4

35 1215 37 1218 ,
116 1163 268 1227 runt,
313 1176 433 1212 cum
474 1159 739 1212 rationem
778 1161 983 1212 nullam
1031 1161 1353 1230 invenirent,
1398 1165 1622 1231 propter
1660 1180 1823 1231 quam

51 1255 95 1289 ιε
117 1233 329 1303 pondus
354 1233 408 1286 in
435 1238 553 1287 aere
579 1237 764 1287 staret:
792 1234 1016 1302 ‘fertur’‚
1041 1235 1308 1304 inquiunt,
1326 1235 1579 1306 ‘semperz
1606 1237 1698 1290 sed
1712 1255 1823 1291 non

118 1312 342 1378 apparet
379 1327 446 1361 an
486 1308 655 1376 cadat,
693 1309 822 1377 quia
859 1309 1132 1363 infinitum
1173 1314 1269 1378 est,
1308 1310 1366 1362 in
1397 1311 1543 1380 quod
1582 1311 1756 1364 cadit.'

230 1381 372 1446 Quid
410 1387 492 1436 est
531 1383 744 1453 deinde,
784 1401 891 1453 quo
938 1383 1136 1453 probes
1175 1403 1285 1437 non
1326 1386 1563 1454 quinque
1611 1390 1822 1440 tantum

117 1457 299 1510 stellas
349 1458 554 1511 moveri
606 1458 698 1511 sed
747 1459 947 1511 multas
998 1458 1161 1529 [esse]
1209 1463 1263 1512 et
1313 1459 1372 1512 in
1408 1461 1595 1513 multis
1635 1462 1823 1515 mundi

115 1532 465 1603 regionibus?
529 1536 622 1585 aut
660 1532 706 1585 si
746 1531 850 1586 hoc
890 1533 1003 1586 sine
1043 1533 1155 1587 ullo
1195 1534 1465 1603 probabili
1506 1539 1822 1606 argumento

49 1627 96 1660 ιο
116 1605 245 1660 licet
273 1606 611 1676 respondere,
643 1606 772 1676 quid
804 1611 899 1675 est,
932 1626 1096 1677 quare
1127 1627 1238 1661 non
1278 1609 1471 1679 aliquis
1513 1614 1605 1662 aut
1637 1629 1821 1665 omnes

117 1681 299 1734 stellas
350 1682 554 1735 moveri
604 1686 699 1734 aut
747 1683 951 1735 nullam
1005 1682 1182 1736 dicat?
1259 1687 1532 1753 praeterea
1581 1684 1719 1738 nihil
1768 1689 1822 1739 te

116 1755 333 1809 adiuvat
365 1756 468 1809 ista
499 1757 776 1810 stellarum
816 1758 1017 1826 passim
1058 1758 1300 1810 euntium
1336 1758 1516 1811 turba:
1554 1777 1680 1812 nam
1713 1778 1821 1830 quo

114 1830 297 1900 plures
336 1831 559 1898 fuerint,
598 1831 809 1901 saepius
849 1832 906 1884 in
946 1832 1151 1900 aliquas
1199 1832 1456 1903 incident3
1494 1835 1602 1886 rari
1642 1837 1820 1888 autem

115 1908 355 1958 cometae
394 1909 448 1959 et
486 1906 556 1959 ob
595 1905 700 1960 hoc
739 1904 1011 1959 mirabiles
1053 1911 1189 1959 sunt.

49 1999 93 2035 ιο
234 1978 316 2033 15.
358 1978 514 2047 Quid,
553 1981 696 2049 quod
737 1981 1106 2034 testimonium
1148 1981 1289 2035 dicet
1328 1986 1514 2035 contra
1552 1986 1605 2036 te
1646 1984 1821 2049 omnis
1855 2000 1877 2039 1

115 2057 277 2122 aetas,
327 2072 464 2124 quae
514 2056 704 2108 talium
757 2056 1032 2108 stellarum
1085 2060 1301 2110 exortus
1353 2061 1407 2110 et
1453 2056 1730 2111 adnotavit
1768 2062 1823 2112 et

114 2128 344 2198 posteris
384 2128 641 2183 tradidit?
709 2133 834 2199 post
873 2134 1098 2183 mortem
1137 2130 1398 2184 Demetrii
1439 2130 1624 2202 Syriae
1661 2134 1821 2204 regis,

116 2202 268 2256 cuius
308 2202 613 2257 Demetrius
654 2208 708 2257 et
745 2202 1049 2258 Antiochus
1088 2205 1245 2259 liberi
1292 2206 1455 2274 fuere,
1494 2208 1656 2276 paulo
1698 2211 1820 2261 ante

116 2275 412 2331 Achaicum
469 2278 670 2332 bellum
726 2282 957 2332 cometes
1014 2279 1215 2333 effulsit
1275 2298 1384 2334 non
1447 2282 1624 2335 minor
1685 2283 1818 2335 sole:

234 2413 263 2453 2
294 2410 363 2469 et]
395 2413 450 2454 ut
472 2414 506 2453 P
537 2423 621 2455 om.
643 2411 720 2454 21·
743 2413 810 2467 114
835 2410 940 2470 suo]
972 2424 1066 2455 non
1096 2413 1202 2457 add.
1230 2413 1268 2457 δ
1290 2414 1305 2469 ΙΙ
1329 2418 1354 2456 7
1381 2426 1481 2457 esse
1507 2412 1797 2458 81.303Ελ

114 2467 176 2513 ⁸1.
220 2482 320 2513 esse
358 2473 447 2512 An
498 2473 528 2512 Ζ
559 2472 574 2526 ΙΙ
605 2474 657 2513 12
700 2469 898 2529 habens]
946 2470 1163 2516 habentis
1195 2471 1290 2515 ΡΖ
1321 2473 1336 2529 ΙΙ
1368 2476 1417 2516 18
1461 2472 1570 2532 hoc]
1617 2472 1704 2518 hec
1736 2475 1775 2518 δ’

114 2527 310 2585 quidam
374 2484 566 2586 quidem
597 2532 715 2573 Bon
761 2531 778 2588 ΙΙ
822 2534 874 2573 14
920 2530 1173 2590 rationem]
1221 2536 1328 2577 ante
1369 2535 1564 2589 propter
1604 2533 1701 2578 coll.
1736 2534 1775 2578 d*
1804 2534 1820 2591 ΙΙ

113 2590 168 2632 18
198 2587 312 2645 qnia
378 2589 504 2646 quod
536 2594 569 2632 1·
616 2603 671 2634 eo
703 2588 830 2645 quod
862 2590 901 2634 δ
936 2592 942 2646 Ι
977 2591 1124 2649 quod]
1173 2604 1266 2649 quo
1299 2593 1334 2636 λ
1373 2594 1387 2649 ΙΙ
1427 2596 1475 2635 17
1510 2595 1578 2636 tn'i
1611 2592 1819 2649 quinque

114 2646 213 2692 0011.
245 2649 285 2693 ό
360 2652 411 2691 18
445 2662 544 2693 osse
576 2649 661 2693 del.
683 2648 761 2694 Ge.
794 2649 910 2695 conl.
944 2653 1060 2703 13,1
1085 2653 1182 2719 1180
1213 2651 1356 2710 resp]
1390 2651 1618 2708 spondere
1646 2652 1781 2697 Gertz
1805 2654 1819 2709 ΙΙ

3 2699 24 2791 ὲ
115 2709 169 2750 81
200 2710 284 2751 aut
313 2706 515 2768 nullam]
554 2714 661 2754 ante
691 2722 814 2754 mou.
848 2709 887 2754 <5
917 2714 1023 2778 post
1056 2709 1186 2754 dicat
1215 2714 1288 2754 102
1318 2713 1333 2767 ΙΙ
1365 2715 1421 2755 23
1455 2710 1660 2770 aliquas]
1702 2710 1819 2756 alias

115 2765 320 2821 Skutsch,
351 2768 487 2812 immo
519 2767 643 2812 oculi
675 2767 783 2813 add.
810 2774 892 2813 aut
924 2769 1103 2814 incides
1135 2784 1249 2815 corr.
1280 2769 1358 2815 Ge.
1385 2772 1399 2827 ΙΙ
1430 2774 1487 2814 24
1521 2769 1599 2829 ob]
1634 2784 1718 2815 om.
1745 2771 1779 2815 λ
1804 2772 1820 2828 ΙΙ

116 2827 175 2869 2⁸
199 2827 231 2870 t.
258 2825 405 2886 dicet]
431 2825 551 2871 dicit
573 2832 614 2872 et
637 2842 670 2872 ε.
698 2828 726 2872 1.
752 2827 1072 2872 testimonium
1099 2830 1137 2873 δ
1161 2831 1175 2885 ΙΙ
1198 2833 1257 2873 26
1282 2831 1488 2888 exortus]
1517 2832 1565 2875 et
1588 2832 1717 2874 ortus
1742 2832 1781 2875 ό
1805 2832 1819 2888 ΙΙ

115 2887 176 2929 Ν
206 2884 450 2930 achaicum
483 2886 652 2946 Ε’λΡ]
686 2887 902 2931 acbaium
936 2890 1148 2942 Agorz
1189 2889 1443 2945 achi(u)um
1476 2892 1550 2932 Bo

7 2972 11 3013 -
8 2930 9 2936 ⁴
5 2807 13 2895 -w

6 3106 41 3138 Η
