1988 3138
471 121 698 167 NATUR.
731 121 981 176 QUAEST.
1014 121 1124 166 ΠΒ.
1158 122 1234 166 vi.
1268 127 1457 167 14—16.
1711 122 1821 176 213

123 245 368 314 spiritus:
416 262 574 314 quem
626 245 671 297 si
719 245 939 298 inclusit
989 263 1133 296 mare
1180 248 1234 296 et
1280 245 1440 297 altius
1492 244 1673 315 adegit
1721 262 1822 298 nec
1887 311 1892 315 ,

122 318 318 372 fluctus
356 322 500 371 retro
549 319 695 371 abire
741 320 1008 388 permisit,
1055 323 1184 372 tunc
1223 319 1314 371 ifle
1354 320 1500 371 exitu
1545 318 1706 371 simul
1742 337 1821 371 re—

123 393 346 461 dituque
388 394 666 463 praecluso
706 394 980 446 volutatur
1018 397 1092 458 et,
1133 394 1258 462 quia
1308 394 1364 445 in
1415 394 1671 446 incertum
1711 411 1824 445 non

122 471 301 536 potest
345 466 586 536 tendere,
631 467 776 536 quod
823 467 903 519 illi
949 468 1191 520 naturale
1239 471 1341 535 est,
1388 468 1443 519 in
1492 467 1721 521 sublime
1766 486 1823 521 se

77 567 97 599 5
124 541 355 596 intendit
392 546 447 596 et
483 547 678 595 terram
718 546 1049 611 prementem
1089 541 1402 595 diverberat.

239 617 321 669 16.
375 615 701 670 Etiamnunc
727 616 1010 669 dicendum
1044 620 1137 685 est,
1172 617 1313 685 quod
1347 617 1617 686 plerisque
1643 620 1822 670 aucto-

121 691 270 744 ribus
302 691 479 760 placet
510 694 564 744 et
593 691 649 743 in
683 691 826 760 quod
858 691 1084 743 fortasse
1116 691 1210 744 fiet
1243 690 1502 744 discessio.
1565 709 1677 744 non
1707 709 1820 744 esse

121 770 317 818 terram
366 766 480 818 sine
528 765 719 835 spiritu
759 766 937 835 palam
986 770 1091 818 est:
1138 783 1244 819 non
1287 769 1496 818 tantum
1546 767 1642 819 1110
1687 765 1821 834 dico,

122 858 229 909 quo
262 858 318 892 se
349 843 495 892 tenet
526 858 587 893 ac
625 844 803 909 partes
837 841 919 893 sui
952 841 1142 911 iungit,
1183 841 1276 909 qui
1315 841 1454 893 inest
1486 841 1647 894 etiam
1681 841 1821 893 saxis

55 938 98 971 ιο
121 915 455 983 mortuisque
501 914 838 984 corporibus,
887 915 979 967 sed
1025 916 1119 968 illo
1169 915 1288 969 dico
1332 916 1484 968 vitali
1531 919 1584 967 et
1629 918 1820 986 vegeto

121 993 176 1042 et
213 990 387 1042 alente
427 990 618 1042 omnia.
696 988 841 1042 hunc
878 990 983 1041 nisi
1022 989 1263 1058 haberet,
1312 989 1582 1059 quomodo
1622 993 1704 1042 tot
1744 1009 1822 1042 ar-

120 1063 292 1116 bustis
348 1064 597 1132 spiritum
645 1064 950 1117 infunderet
995 1082 1105 1117 non
1155 1065 1368 1117 aliunde
1418 1064 1722 1117 viventibus
1769 1067 1823 1117 et

121 1142 204 1191 tot
250 1138 416 1190 satis?
469 1139 918 1207 quemadmodum
973 1143 1084 1191 tam
1132 1139 1364 1192 diversas
1412 1139 1616 1192 radices
1669 1139 1824 1192 aliter

121 1217 280 1282 atqoe
320 1213 475 1265 aliter
512 1214 566 1265 in
609 1231 663 1266 se
703 1232 902 1266 mersas
941 1213 1161 1282 foveret,
1201 1214 1456 1282 quasdam
1498 1232 1706 1266 summa
1741 1232 1823 1267 re-

54 1311 97 1344 15
122 1291 303 1358 neptas
342 1291 514 1356 parte,
554 1288 811 1357 quasdam
851 1289 1011 1340 altius
1052 1292 1271 1356 tractas,
1315 1289 1421 1340 nisi
1460 1290 1692 1341 multum
1731 1289 1823 1341 ha-

122 1362 272 1415 beret
302 1362 509 1414 animae
541 1366 652 1414 tam
684 1363 855 1415 multa
886 1367 994 1415 tam
1028 1364 1174 1415 varia
1205 1364 1509 1434 generantis
1542 1367 1595 1416 et
1625 1362 1823 1416 haustu

123 1441 283 1506 atque
336 1438 592 1490 alimento
649 1438 730 1490 sui
786 1437 1098 1490 educantis?
1180 1438 1389 1491 levibus
1445 1437 1619 1491 adhuc
1670 1456 1822 1509 argu-

123 1512 317 1564 mentis
357 1529 481 1582 ago:
533 1515 707 1564 totum
759 1511 864 1565 hoc
915 1513 1144 1580 caelum,
1191 1513 1336 1581 quod
1387 1513 1575 1583 igneus
1623 1511 1820 1583 aether,

122 1586 308 1639 mundi
341 1604 550 1639 summa
580 1605 719 1656 pars,
761 1587 976 1655 claudit,
1009 1605 1192 1639 omnes
1224 1586 1324 1640 hae
1358 1588 1557 1655 stellae,
1597 1605 1823 1656 quarum

53 1683 99 1716 20
123 1661 245 1713 iniri
268 1678 380 1714 non
403 1665 582 1730 potest
603 1679 872 1731 numerus,
901 1663 1075 1715 omnis
1100 1661 1188 1715 1110
1213 1663 1522 1715 caelestium
1548 1665 1729 1715 coetus
1755 1665 1825 1730 et,

122 1739 183 1788 ut
206 1735 311 1788 alia
341 1739 686 1805 praeteream,
716 1735 805 1790 hic
829 1741 938 1788 tam
971 1737 1152 1805 procul
1185 1755 1215 1789 a
1236 1737 1394 1789 nobis
1420 1754 1582 1807 agens
1609 1754 1824 1789 cursum

123 1809 219 1878 sol,
250 1809 398 1863 omni
430 1814 688 1863 terrarum
724 1811 930 1863 ambitu
961 1829 1071 1864 non
1097 1812 1261 1864 semel
1291 1812 1477 1881 maior,
1509 1811 1823 1864 alimentum
1883 1879 1885 1882 Α

121 1903 187 1938 ex
226 1888 436 1938 terreno
475 1884 696 1938 trahunt
734 1889 788 1939 et
826 1886 966 1938 inter
1005 1905 1060 1939 se
1099 1887 1405 1955 partiuntur
1442 1904 1540 1938 nec
1572 1887 1684 1939 ullo
1717 1886 1823 1938 alio

123 1957 328 2013 scilicet
367 1977 525 2028 quam
559 1959 731 2012 halitu
765 1964 1023 2013 terrarum
1060 1961 1409 2014 sustinentur:
1450 1960 1554 2014 hoc
1590 1961 1697 2012 illis
1731 1961 1822 2013 ali-

241 2140 398 2179 11-17
423 2138 481 2192 cf.
501 2139 677 2182 Aetnae
705 2152 739 2180 υ.
760 2141 999 2182 155-157
1024 2139 1038 2193 ΙΙ
1061 2141 1120 2179 11.
1140 2142 1206 2180 17.
1224 2141 1296 2180 22.
1322 2151 1366 2194 p.
1392 2139 1498 2191 214,
1516 2141 1537 2180 1
1562 2138 1617 2193 cf.
1646 2137 1822 2182 Aetnae

124 2210 161 2240 v.
191 2199 279 2240 159
312 2200 627 2252 (concrescere)
661 2197 826 2241 subitis
857 2197 1122 2240 alimentum
1156 2197 1331 2241 rviribus

243 2349 265 2388 1
298 2344 406 2402 spir.
441 2345 590 2389 intrat
622 2345 720 2390 coll.
748 2346 786 2390 d*
825 2348 839 2402 ΙΙ
879 2350 905 2389 3
938 2345 985 2388 111
1028 2346 1257 2389 incertum
1293 2345 1370 2389 Ge.
1404 2345 1518 2389 conl.
1551 2359 1587 2389 c.
1622 2349 1696 2400 18,
1720 2349 1752 2390 2
1783 2351 1825 2390 et

123 2404 185 2448 II
212 2408 289 2457 58,
304 2405 355 2463 2]
388 2404 434 2448 in
468 2409 649 2449 rectum
673 2408 688 2461 ΙΙ
712 2410 737 2448 6
772 2404 889 2464 diu.]
924 2403 1110 2449 deuerb.
1145 2409 1220 2464 100
1259 2407 1274 2462 ΙΙ
1313 2409 1339 2448 6
1376 2404 1587 2463 etiamn]
1622 2408 1670 2450 et
1700 2419 1824 2450 nune

124 2464 159 2508 λ.
202 2467 209 2520 1
250 2462 459 2523 plerisq]
508 2464 750 2522 plurisque
781 2468 856 2508 JK
901 2464 1116 2521 pluribus
1156 2466 1195 2509 δ
1241 2467 1254 2521 ΙΙ
1301 2469 1326 2508 ’1
1370 2464 1496 2520 quod
1536 2466 1682 2523 θρΖ]
1730 2478 1821 2522 quo

123 2523 206 2567 θλ
242 2525 247 2579 Ι
283 2522 383 2583 fiet]
415 2524 547 2569 finiet
569 2525 608 2569 <5
644 2529 650 2581 Ι
684 2524 907 2568 discessio
932 2529 962 2568 z
983 2526 1259 2583 Opsopoeus]
1292 2523 1521 2568 dissensio
1553 2526 1567 2582 ΙΙ
1598 2529 1626 2568 9
1659 2524 1822 2583 etiam]

126 2584 175 2626 et
197 2596 231 2641 ρ
254 2596 338 2628 om.
356 2585 395 2628 δ
418 2586 433 2640 Ι
455 2588 507 2627 10
540 2583 906 2642 corporibusque
931 2584 1126 2628 mortuis
1152 2584 1248 2629 coll.
1269 2585 1303 2628 λ
1329 2585 1342 2640 ΙΙ
1366 2588 1411 2627 11
1444 2584 1566 2628 1111110
1598 2584 1705 2653 dn]
1733 2583 1822 2628 1100

125 2642 203 2699 λρ
233 2641 350 2686 haec
380 2646 461 2687 ΠΖ
503 2646 518 2700 ΙΙ
559 2648 610 2687 14
644 2643 703 2687 al.
739 2646 880 2700 atque
913 2643 996 2703 al.]
1036 2643 1184 2688 aleret
1216 2643 1293 2699 (al.
1327 2646 1374 2688 et
1405 2646 1455 2699 B)
1488 2645 1526 2688 ὃ
1558 2646 1571 2701 ΙΙ
1602 2648 1660 2687 20
1692 2643 1820 2702 iniri]

126 2700 326 2745 inueniri
359 2702 393 2747 λ
433 2702 628 2747 diffiniri
660 2708 737 2747 ΒΤ
782 2703 964 2747 definiri
998 2704 1132 2761 vulyo
1169 2708 1174 2760 Ι
1208 2702 1285 2747 1110
1316 2718 1400 2747 om.
1427 2704 1466 2747 δ’
1502 2706 1506 2760 Ι
1543 2707 1590 2747 et
1642 2718 1725 2748 om.
1756 2705 1823 2758 Φ,

122 2762 227 2816 sore.
262 2767 430 2815 coetus,
465 2764 592 2807 totus
627 2766 698 2817 (ut
731 2779 759 2808 α
787 2770 882 2819 pr.)
914 2763 987 2807 hic
1013 2764 1091 2809 Ge.
1126 2764 1140 2820 ΙΙ
1170 2767 1222 2806 21
1254 2762 1415 2820 procul
1440 2763 1588 2808 Jonas
1639 2763 1784 2820 'prope
1813 2764 1819 2819 Ι

125 2833 199 2878 ag.
245 2832 274 2864 a
316 2820 452 2865 nobis
494 2823 590 2867 coll.
629 2823 667 2867 δ
716 2826 731 2878 ΙΙ
776 2826 835 2866 22
874 2822 1171 2881 alimentum]
1216 2824 1286 2866 ·ta
1328 2837 1362 2881 ρ
1404 2825 1474 2866 -to
1518 2823 1572 2865 1³¹
1612 2824 1626 2878 ΙΙ
1663 2826 1720 2865 23
1765 2835 1822 2866 ex

123 2880 331 2938 terreno]
362 2882 552 2926 externo
578 2882 673 2926 01³¹
706 2885 899 2926 externa
922 2896 955 2941 ρ
980 2884 994 2939 ΙΙ
1024 2886 1082 2925 24
1114 2880 1266 2926 halitu
1292 2883 1389 2940 BL]
1422 2881 1540 2926 alitu
1570 2883 1622 2925 Φ
1653 2880 1819 2925 habitu

124 2940 163 2984 ό
198 2942 204 2994 Ι
240 2942 352 2983 mist.
388 2941 613 2985 terrarum
646 2942 743 2986 coll.
771 2942 809 2986 ό
