1988 3138
202 92 393 137 XXVIII
876 84 1219 136 PRAEFATIO

325 218 424 265 VII
452 221 498 277 1,
526 220 555 265 2
596 213 829 283 trepidat]
884 219 1119 278 strepidat
1146 211 1210 265 P1
1263 220 1483 279 strepitat
1510 213 1650 266 FHZ

377 293 424 339 V
451 293 534 350 16,
562 293 591 339 2
632 292 722 340 illa
759 286 871 356 Ηλ]
947 293 1038 341 illa
1074 294 1188 340 rixa
1225 286 1266 340 P
1342 296 1395 341 in
1439 293 1527 341 illa
1565 295 1678 342 rixa
1718 287 1896 355 ‹fg'rz

630 368 686 414 in
723 366 810 413 illa
841 382 1017 428 puyna
1046 360 1089 413 E

349 441 463 488 IVa
491 442 538 502 2,
565 442 594 487 2
638 444 725 488 aut
761 440 991 489 sterilis
1030 456 1193 488 armus
1231 444 1319 488 aut
1354 442 1529 499 fertilis
1560 435 1814 508 (sterilis
1839 434 1897 505 λ)

633 509 723 579 est]
778 518 865 562 aut
900 515 1129 574 fertilis
1169 528 1331 563 omnus
1370 519 1458 562 aut
1494 515 1723 564 sterilis
1763 519 1831 564 est
1860 509 1896 563 Z

456 590 502 650 2,
530 591 559 638 5
604 583 842 653 cautium]
905 592 1138 637 et'acuta
1183 583 1241 649 Z,
1304 589 1433 651 quod
1481 583 1545 636 L2
1582 605 1673 652 pro
1720 594 1763 638 et
1798 590 1899 638 illis

630 664 831 725 recepit.

202 760 518 821 eiusdemque
557 761 752 823 generis
791 761 908 807 sunt
946 761 1272 808 correctiones
1313 759 1739 824 orthographicae,
1779 776 1899 822 quo-

200 836 337 882 niam
375 835 427 880 in
469 829 502 881 Z
545 850 738 897 semper
775 834 878 882 fere
916 835 1158 894 neyleqere
1196 849 1287 895 pro
1325 833 1577 894 neyhyere,
1616 833 1899 883 Aristoteles

201 924 292 971 pro
331 906 610 957 Aristotiles
657 908 912 969 scribitur,
952 911 1002 956 et
1039 907 1117 955 ΠΙ
1150 910 1242 968 27,
1278 909 1344 954 14
1393 923 1562 956 versus
1610 907 1699 956 Ov.
1734 908 1848 956 Met.
1874 908 1899 957 1

205 977 588 1048 286—289s90
648 999 705 1030 ex
759 983 1030 1045 exemplari
1083 983 1323 1044 suppleti,
1379 983 1512 1044 quod
1568 983 1756 1042 templis
1808 998 1899 1045 pro

201 1059 358 1105 sacris
389 1057 660 1119 praebebat
693 1050 962 1124 (potuitque
985 1083 1058 1089 —
1081 1058 1210 1104 malo
1235 1072 1328 1104 om.
1348 1050 1424 1122 Z),
1449 1059 1598 1118 atque
1621 1057 1699 1105 III
1726 1059 1810 1116 27,
1831 1058 1898 1106 13

203 1147 296 1179 om.
336 1133 497 1191 fulvos
535 1132 662 1179 vehit
697 1131 836 1179 ‘conda
875 1133 1031 1179 leones
1070 1125 1154 1196 (cf.
1197 1130 1336 1178 Stud.
1360 1131 1388 1179 I
1413 1125 1522 1196 54).
1587 1132 1703 1179 talis
1742 1131 1902 1195 igitur

200 1206 327 1254 liber
384 1222 414 1253 a
471 1206 748 1266 suspicione
794 1221 1038 1268 nusquam
1086 1206 1187 1253 fere
1242 1205 1369 1253 liber
1422 1208 1519 1265 est,
1573 1222 1730 1267 neque
1779 1206 1897 1253 inde
1969 1246 1972 1253 ,

202 1283 384 1342 quarta
422 1280 604 1328 codicis
639 1280 692 1327 Φ
732 1282 882 1342 stirps
920 1280 1123 1342 probari
1152 1282 1330 1341 potest.
1386 1295 1497 1328 cum
1534 1274 1624 1328 P'l'
1655 1296 1755 1329 non
1785 1295 1900 1328 raro

201 1354 461 1415 consentit,
511 1370 670 1416 neque
710 1370 825 1402 vero
877 1355 930 1401 in
980 1355 1100 1402 totis
1138 1355 1284 1402 lineis
1324 1354 1532 1415 omissis,
1580 1354 1731 1402 immo
1770 1355 1823 1402 in
1863 1349 1898 1402 Z

199 1429 321 1477 haec
360 1428 538 1476 desunt
573 1428 746 1477 verba:

350 1517 427 1565 III
455 1519 538 1579 27,
567 1519 595 1565 9
638 1520 832 1578 sto-'infit
854 1545 926 1550 —
951 1520 1184 1565 montium
1223 1520 1337 1580 post
1375 1520 1609 1566 montium

349 1592 461 1639 IVa
499 1593 653 1653 praef.
689 1593 720 1639 4
761 1594 970 1653 fortasse
995 1619 1063 1624 —
1080 1594 1267 1652 petitur
1304 1593 1418 1653 post
1447 1594 1632 1652 petitur

451 1669 498 1727 2,
525 1668 591 1715 29
633 1667 749 1714 inde
790 1682 819 1714 a
849 1668 1013 1714 maria
1051 1666 1131 1714 vel
1168 1666 1420 1714 alternatis
1458 1681 1616 1728 usque
1656 1666 1720 1714 ad
1750 1666 1899 1714 finem

350 1815 462 1862 IVb
492 1816 575 1875 13,
602 1734 655 1862 4(
683 1735 816 1876 {ary}
853 1815 1035 1875 redeyit
1080 1815 1146 1862 ad
1185 1830 1279 1861 om.
1312 1807 1371 1861 Ζ1
1410 1814 1569 1876 suppl.
1617 1815 1671 1862 in
1709 1831 1806 1878 mg.
1841 1807 1902 1862 Z'

349 1889 423 1937 VI
449 1891 533 1950 32,
561 1890 590 1937 5
631 1891 786 1937 ‘morbi
800 1892 967 1950 petent
987 1891 1088 1937 sive
1117 1890 1323 1936 hostium
1347 1890 1447 1936 sive
1470 1891 1647 1936 civium
1672 1881 1766 1955 (sic
1792 1881 1897 1954 Z21)

629 1964 786 2023 ιᾳῑααὶὶ
816 1965 917 2012 sive
948 1980 1042 2011 om.
1068 1957 1126 2010 Ζ1
1155 1965 1270 2024 post
1299 1964 1413 2019 sive,
1446 1963 1606 2025 suppl.
1632 1956 1692 2010 Ζ2
1720 1964 1774 2010 in
1798 1979 1897 2026 mg.

634 2033 883 2103 [sequitur
919 2039 1213 2092 insularum,
1255 2053 1348 2086 om.
1388 2031 1428 2084 P
1465 2032 1686 2101 Memm]

324 2112 423 2159 VII
450 2112 499 2174 8,
526 2114 555 2160 3
596 2127 696 2160 non
733 2116 788 2160 ut
825 2139 898 2145 -—
938 2126 1110 2160 cursus
1146 2114 1262 2173 post
1299 2113 1487 2160 rotari?

200 2202 323 2250 haec
361 2202 513 2249 verba
551 2202 604 2248 in
642 2196 732 2249 ΡΤ
773 2203 984 2262 exstant,
1024 2202 1110 2263 qui
1150 2201 1277 2248 alius
1319 2201 1421 2249 alia
1458 2202 1899 2263 praetermiserunt

202 2267 287 2342 (cf.
330 2274 545 2323 Stud.11
572 2277 639 2323 24
659 2269 769 2343 sq.)
848 2292 1006 2338 neque
1044 2275 1200 2338 igitur
1239 2275 1496 2323 cuiusnam
1537 2275 1705 2337 stirpis
1741 2269 1775 2322 Z
1816 2275 1897 2336 sit,

203 2350 364 2397 adhuc
389 2352 546 2411 patet,
577 2366 736 2413 neque
767 2351 859 2398 hoc
891 2366 990 2398 uno
1025 2350 1191 2397 codice
1222 2351 1343 2397 satis
1376 2351 1502 2397 miro
1535 2351 1714 2412 quarta
1745 2350 1896 2411 stirps

202 2424 545 2473 constituitur:
585 2441 662 2473 res
702 2425 854 2472 dubia
891 2424 1202 2486 relinquitur.

310 2498 543 2546 Dilucida
583 2501 658 2546 est
696 2501 847 2560 stirps
887 2498 919 2546 λ
967 2501 1017 2546 et
1063 2498 1186 2546 satis
1227 2513 1256 2544 a
1294 2514 1371 2545 me
1415 2498 1535 2546 olim
1574 2514 1599 2545 e
1639 2497 1892 2545 codicibus

202 2565 431 2620 ‹JlKlsl'O
473 2575 522 2620 et
569 2573 808 2634 excerptis
848 2568 899 2620 M
944 2574 1180 2620 restituta
1220 2565 1437 2638 (Stud.1
1470 2573 1712 2632 41—47,
1735 2571 1787 2619 II
1824 2573 1890 2620 13

114 2713 118 2717 ι
202 2639 388 2712 -19).
465 2646 518 2693 hi
557 2647 688 2694 enim
729 2647 918 2695 codices
959 2648 1199 2695 omittunt

375 2742 427 2790 II
454 2744 538 2803 23,
565 2746 595 2790 2
636 2744 712 2791 his
749 2745 978 2791 maximis
1008 2769 1079 2775 ——
1114 2745 1183 2790 est
1218 2744 1380 2803 ique-m
1418 2743 1532 2803 post
1570 2744 1622 2789 in
1660 2744 1820 2802 ionem

374 2816 427 2864 Π
452 2817 537 2878 48,
566 2820 592 2864 1
637 2819 753 2876 quia
790 2832 852 2865 m.
891 2818 1156 2877 siqnifflcat:
1197 2817 1255 2864 cf.
1296 2831 1449 2877 supra
1487 2832 1533 2877 p.
1561 2815 1724 2862 XXVI

350 2891 423 2938 VI
450 2892 534 2949 30,
561 2893 591 2938 3
634 2892 874 2939 celebrant
901 2917 974 2924 —
1007 2906 1063 2938 ex
1099 2892 1268 2949 infimo
1308 2892 1422 2937 ante
1459 2891 1669 2937 veniunt.
