1988 3138
410 100 636 146 NATUR.
669 101 919 156 QUAEST.
952 103 1062 148 Lm.
1099 103 1192 149 vn.
1226 109 1416 149 25—27.
1659 105 1764 159 261

70 242 138 277 ex
177 223 397 276 diversis
437 225 767 292 compositus
808 224 924 277 est?
1001 225 1131 294 quid
1183 230 1279 294 est,
1319 245 1482 295 quare
1522 227 1577 280 in
1614 227 1769 280 leone

69 297 152 351 sol
190 316 400 367 semper
437 297 618 351 ardeat
656 302 710 351 et
747 303 915 352 terras
946 300 1181 353 aestibus
1213 304 1428 369 torreat,
1460 302 1517 354 in
1548 301 1768 370 aquario

70 372 333 443 astringat
362 372 595 426 hiemem
634 373 857 426 flumina
896 375 1021 445 gelu
1060 375 1307 428 claudat?
1371 379 1424 428 et
1453 375 1558 429 hoc
1588 379 1770 429 tamen

71 450 126 499 et
163 445 299 499 illud
338 447 486 500 sidus
525 447 763 500 eiusdem
805 448 1135 502 condicionis
1187 454 1282 518 est,
1323 469 1444 503 eum
1485 450 1677 503 effectu
1716 453 1770 503 et

69 526 260 574 natura
299 521 559 576 dissimile
598 522 681 575 sit.
761 523 903 575 intra
954 523 1329 577 brevissimum
1380 528 1593 594 tempus
1634 525 1769 578 aries

68 595 362 660 extollitur,
409 596 547 649 libra
592 596 895 649 tardissime
941 599 1179 669 emergit:
1226 603 1280 652 et
1324 599 1430 653 hoo
1476 603 1657 652 tamen
1703 600 1769 652 si-

69 669 169 723 dus
220 674 275 724 et
323 670 458 724 iuud
508 671 746 724 eiusdem
797 677 1019 725 naturae
1069 677 1165 741 est,
1216 692 1338 727 oum
1388 674 1524 727 illud
1574 674 1768 745 exiguo

68 750 311 815 tempore
364 746 637 814 ascendat,
698 746 832 798 illud
886 746 978 799 diu
1032 747 1350 817 proferatur.
1438 766 1549 801 non
1603 748 1768 818 vides,

69 838 231 889 quam
286 820 553 874 contraria
606 821 746 874 inter
800 839 855 874 se
910 822 1172 875 elementa
1235 823 1378 875 sint‘?
1470 823 1655 894 gravia
1715 826 1768 876 et

68 893 207 947 levia
262 899 410 963 sunt,
470 895 668 965 frigida
722 899 775 948 et
830 897 1023 964 calida,
1076 897 1259 950 umida
1314 901 1367 950 et
1428 898 1590 967 sicea3
1653 901 1768 950 tota

69 967 201 1023 haec
246 970 433 1022 mundi
485 970 771 1023 concordia
821 989 885 1023 ex
936 971 1270 1024 discordibus
1323 975 1553 1025 constat:
1603 990 1767 1043 negas

69 1047 313 1097 cometen
353 1045 562 1097 stellam
604 1063 732 1113 esse,
771 1045 898 1114 quia
936 1046 1111 1098 forma
1149 1047 1262 1099 eius
1301 1065 1413 1099 non
1450 1047 1769 1116 respondeat

69 1118 136 1171 ad
181 1119 455 1188 exemplar
499 1137 598 1172 nec
653 1120 723 1172 sit
770 1121 959 1174 ceteris
1001 1121 1227 1174 similis?
1288 1123 1416 1188 quid
1459 1122 1639 1175 enim?
1701 1121 1767 1173 si·

67 1191 298 1246 millima
351 1199 433 1248 est
486 1193 601 1262 illa,
653 1212 788 1262 quae
841 1194 1115 1248 tricesimo
1171 1214 1310 1249 anno
1365 1195 1653 1249 revertitur
1702 1195 1768 1248 ad

66 1268 247 1322 locum
302 1286 482 1336 suum,
534 1268 685 1336 huic,
741 1287 876 1338 quae
923 1270 1064 1323 intra
1111 1289 1309 1323 annum
1355 1271 1543 1323 revisit
1589 1271 1767 1324 sedem

67 1360 233 1395 suam.
299 1361 410 1396 non
448 1342 514 1395 ad
553 1361 715 1395 unam
754 1347 947 1396 natura
984 1343 1212 1397 formam
1247 1363 1382 1414 opus
1424 1363 1580 1398 suum
1618 1363 1768 1415 prae—

67 1421 175 1469 stat
214 1417 306 1469 sed
347 1417 464 1487 ipsa
496 1418 752 1471 varietate
792 1437 847 1471 se
888 1419 1063 1487 iactat,
1102 1419 1207 1472 alia
1247 1421 1450 1473 maiora
1489 1419 1596 1472 alia
1626 1419 1767 1473 velo-

67 1490 212 1544 ciora
250 1492 370 1545 aljis
408 1491 551 1559 feeit,
591 1491 696 1545 alia
734 1492 995 1546 validiora
1034 1493 1139 1547 alia
1178 1495 1572 1563 temperatiora,
1611 1513 1767 1563 quae-

67 1565 188 1619 dam
229 1565 414 1619 eduxit
451 1584 483 1619 a
520 1567 701 1635 turba,
741 1572 802 1620 ut
849 1567 1062 1639 singula
1101 1573 1154 1622 et
1192 1569 1481 1639 conspicua
1518 1569 1768 1639 procede-

65 1645 202 1707 rent,
251 1641 510 1710 quaedam
564 1643 618 1695 in
666 1660 884 1713 gregem
923 1643 1084 1695 misit.
1163 1644 1377 1715 ignorat
1416 1648 1635 1697 naturae
1674 1661 1768 1713 po-

65 1715 305 1785 tentiam,
344 1716 436 1786 qui
477 1717 557 1769 illi
596 1734 707 1769 non
745 1721 900 1786 putat
938 1717 1224 1787 aliquando
1264 1717 1439 1787 licere,
1478 1718 1583 1771 nisi
1623 1718 1766 1788 quod

67 1790 280 1860 saepius
311 1791 459 1844 fecit:
492 1795 727 1844 cometas
758 1810 868 1844 non
899 1792 1207 1862 frequenter
1237 1793 1488 1861 ostendit,
1520 1793 1767 1846 attribuit

68 1863 178 1919 illis
216 1864 381 1918 alium
423 1865 618 1928 locum,
658 1865 763 1918 alia
802 1871 1060 1936 tempora,
1100 1866 1387 1920 dissimiles
1427 1868 1616 1921 ceteris
1658 1886 1766 1921 mo·

66 1944 180 1993 tus:
234 1940 410 1993 voluit
462 1945 515 1993 et
576 1940 662 1993 his
718 1941 1141 2012 magnitudinem
1201 1943 1376 2012 operis
1440 1943 1523 1995 sui
1578 1943 1763 1995 colere.

67 2031 297 2083 quorum
336 2014 624 2068 formosior
654 2014 819 2068 facies
852 2019 946 2085 est,
980 2035 1139 2086 quam
1180 2021 1241 2070 ut
1278 2016 1558 2070 fortuitam
1594 2021 1764 2086 puteS,

185 2152 207 2191 1
229 2160 285 2191 ex
310 2146 427 2206 diu]
451 2146 664 2203 partibus
689 2148 795 2192 add.
821 2149 900 2192 61·
928 2151 933 2203 1
962 2149 1076 2204 quid
1101 2149 1191 2206 est]
1218 2147 1333 2206 quid
1356 2148 1450 2207 02¹
1474 2150 1487 2205 11
1511 2152 1540 2192 2
1565 2147 1654 2207 sol]
1679 2162 1762 2193 om.

66 2206 148 2250 61·
170 2210 184 2263 11
207 2208 280 2263 415
313 2211 362 2251 et
393 2207 582 2265 natura]
613 2222 695 2250 om.
724 2208 763 2252 <5
785 2210 799 2263 11
825 2212 850 2250 6
876 2207 1018 2267 aries]
1051 2209 1186 2253 aliter
1214 2208 1312 2253 coll.
1339 2207 1444 2251 11¹1·
1468 2211 1482 2265 11
1506 2212 1533 2252 6
1567 2209 1765 2266 emergit

66 2265 288 2326 Fortun]
326 2265 555 2324 mergitur
588 2268 655 2320 Φ,
695 2266 907 2323 iungitur
939 2268 977 2311 ό·
1008 2271 1021 2323 11
1053 2274 1078 2311 7
1112 2270 1161 2312 et
1199 2267 1336 2326 illud]
1379 2274 1485 2313 ante
1523 2267 1652 2312 sidus
1685 2272 1764 2311 Ar

66 2338 150 2371 om.
175 2328 209 2369 B
234 2330 248 2382 11
278 2330 307 2369 9
339 2326 435 2370 sint
465 2326 596 2370 elem.
630 2326 729 2370 coll.
755 2327 794 2371 δ
817 2330 831 2383 11
855 2331 907 2370 10
931 2327 983 2371 fr.
1011 2331 1059 2371 et
1083 2327 1190 2386 cal]
1216 2331 1264 2372 et
1291 2327 1465 2385 frigida
1490 2328 1584 2384 (sed
1608 2326 1764 2372 calida

63 2398 102 2430 ε.
126 2385 175 2441 1.)
206 2387 240 2430 λ
276 2389 282 2441 1
316 2385 532 2444 humida]
564 2392 671 2431 ante
702 2385 859 2430 calida
889 2386 952 2430 11¹
985 2401 1067 2431 om.
1093 2390 1124 2430 z
1155 2390 1169 2444 11
1199 2389 1213 2443 11
1246 2392 1285 2430 11
1321 2387 1457 2446 haee]
1497 2389 1655 2432 autem
1688 2388 1726 2432 δ
1748 2388 1763 2445 11

66 2447 119 2488 12
150 2457 251 2490 esse
282 2445 467 2491 stellam
498 2446 596 2491 coll.
630 2446 669 2489 δ
699 2449 714 2501 11
744 2449 795 2489 13
829 2445 1016 2513 ceteris]
1057 2452 1163 2492 ante
1195 2446 1258 2491 sit
1288 2448 1323 2491 λ,
1347 2453 1453 2505 post
1485 2446 1651 2491 similis
1684 2451 1717 2491 B
1752 2450 1759 2504 1

66 2502 181 2562 quid
221 2505 378 2550 enim?
418 2505 575 2549 Haase
606 2506 711 2550 olim
775 2505 907 2549 uides
939 2519 1062 2550 emm
1099 2508 1220 2562 Φδ,
1250 2507 1328 2552 sed
1359 2520 1499 2563 quam
1533 2507 1677 2563 (quod
1708 2511 1745 2551 Δ

67 2562 174 2609 add.
208 2565 261 2619 ό,
299 2564 524 2609 uidelicet
555 2507 768 2618 Skuteciv,
814 2565 928 2621 quid
969 2566 1112 2618 enim,
1154 2566 1193 2610 si
1233 2571 1275 2611 et
1313 2571 1437 2611 esset
1468 2567 1561 2611 Leo
1598 2569 1603 2622 1
1639 2510 1762 2627 sim}

66 2622 222 2668 ironia
252 2630 314 2669 eet
345 2627 360 2681 fl
389 2629 442 2668 14
475 2623 558 2668 illa
617 2639 676 2669 sc.
708 2625 839 2670 stella
869 2626 1065 2670 Saturni
1095 2629 1109 2682 11
1142 2630 1191 2669 15
1224 2625 1376 2670 locum
1412 2627 1567 2685 suum]
1605 2627 1763 2671 sedem

66 2694 199 2727 mam
224 2684 263 2728 δ
290 2687 296 2739 1
331 2683 460 2744 huic]
496 2699 543 2729 ve
564 2691 612 2729 ut
640 2684 838 2741 Venerin
868 2689 920 2729 18
952 2685 1150 2729 formam
1183 2689 1278 2730 nat.
1305 2686 1402 2731 coll.
1429 2687 1467 2730 δ
1490 2690 1495 2742 1
1535 2690 1584 2729 17
1611 2686 1763 2731 uarie-

65 2740 187 2801 tete]
217 2743 397 2788 uariete
422 2745 456 2789 λ
493 2749 498 2799 1
533 2745 663 2802 mai]
697 2744 878 2788 minora
901 2745 980 2789 d'l·
1012 2749 1026 2801 11
1056 2749 1107 2788 le
1140 2744 1237 2789 alia
1268 2745 1325 2814 t.]
1355 2759 1476 2803 quae
1512 2759 1587 2790 am
1620 2748 1652 2790 t.
1686 2747 1725 2790 δ
1752 2748 1759 2804 1

66 2801 424 2862 temperatiora]
457 2803 686 2848 ·rantiora
710 2804 834 2848 6³.oe
865 2807 879 2860 11
910 2808 969 2848 20
1000 2819 1190 2862 gregem
1223 2804 1368 2864 misit]
1403 2818 1570 2863 greges
1602 2805 1762 2851 mersit

66 2859 106 2905 δ
128 2863 143 2916 fl
172 2865 226 2904 21
249 2861 358 2919 aliq.
385 2877 477 2907 non
503 2867 601 2920 put.
626 2864 724 2909 coll.
751 2864 803 2918 δ,
835 2878 878 2920 p.
908 2878 997 2908 non
1024 2863 1082 2908 al.
1106 2864 1242 2910 Kroll
1262 2868 1275 2922 11
1301 2869 1358 2909 24
1384 2864 1556 2924 colere]
1581 2864 1761 2910 soluere

66 2919 120 2972 ό,
152 2921 348 2977 prodere
384 2923 449 2967 vel
480 2922 644 2967 docere
681 2923 783 2976 Ge.,
815 2922 1037 2969 extollere
1070 2924 1260 2970 Skutsch
