1988 3138
779 117 1123 163 PRAEFATIO
1718 117 1805 162 XV

105 264 263 312 neque
295 249 470 296 seriem
509 246 751 294 librorum
782 246 834 292 in
866 244 1166 293 membranis
1198 260 1302 293 sese
1335 244 1687 308 excipientium
1718 261 1806 294 cur

106 322 296 373 scribae
325 322 631 369 mutaverint
661 320 742 368 vel
772 318 893 368 totis
925 318 1066 367 libris
1098 320 1207 368 loco
1238 321 1443 368 remotis
1474 319 1805 380 turbaverint,

106 412 254 447 cansa
297 396 513 445 inveniri
557 397 740 458 potest.
817 395 990 456 itaque
1030 393 1118 441 Th.
1151 393 1266 442 Birt
1310 394 1508 458 singula
1546 395 1829 447 volumina,

103 486 399 536 papyracea,
439 486 548 519 cum
587 471 643 517 in
681 468 993 516 membranas
1031 467 1496 529 transcriberentur,
1534 468 1804 531 pristinum

104 546 326 595 ordinem
373 560 471 593 non
510 543 773 592 retinuisse
810 546 950 591 ratus
996 542 1111 590 inde
1151 542 1275 591 duas
1315 542 1538 591 codicum
1586 543 1804 591 familias

103 620 347 685 originem
399 619 609 667 traxisse
667 617 938 667 contendit.
1028 617 1122 665 hoc
1183 617 1311 666 falso
1365 618 1535 679 putari
1595 617 1804 680 probavi

103 688 268 762 (Stud.
300 694 324 742 I
357 687 470 760 83),
507 709 668 755 neque
707 692 1020 741 voluminum
1056 692 1261 740 illorum
1298 695 1494 754 partem
1533 693 1804 756 genuinum

102 769 326 819 ordinem
359 783 579 817 servasse
608 769 805 829 partem
836 766 1059 815 amisisse
1091 766 1428 815 concesserim.
1484 766 1806 816 observamus

103 843 236 892 enim
274 859 332 892 ex
370 843 583 906 pristino
621 842 726 903 illo,
766 841 854 904 qui
891 841 991 889 fuit

462 954 542 1002 ΙΠ
579 953 717 1014 IVa‚
756 952 872 1000 IVb
910 953 964 1001 II
1000 953 1047 999 V
1087 952 1173 1015 VI,
1211 951 1311 1002 VH
1353 953 1395 1014 Ι,
1441 955 1768 1002 immutatum

102 1030 236 1079 hunc
311 1029 336 1077 I
374 1029 426 1077 Π
463 1028 542 1077 ΠΙ
579 1028 695 1077 IVa
755 1027 871 1075 IVb
1000 1027 1047 1074 V
1085 1027 1159 1076 VI
1212 1027 1312 1075 VII

103 1142 291 1190 factum
337 1156 455 1190 esse.
534 1156 617 1189 sex
664 1140 819 1205 igitur
856 1140 1116 1189 volumina
1162 1155 1306 1187 suum
1348 1139 1572 1188 ordinem
1618 1142 1803 1202 tenent,

104 1216 202 1265 duo
254 1217 430 1265 ceteris
480 1215 699 1278 praefixa
750 1215 998 1280 leguntur.
1075 1216 1250 1277 itaque
1302 1216 1530 1278 quisquis
1581 1214 1805 1263 ordinem

102 1292 325 1349 invertit,
363 1290 630 1353 pristinum
668 1289 812 1338 illum
852 1291 1074 1338 noverat.
1137 1305 1299 1352 neque
1329 1289 1461 1338 hunc
1491 1291 1592 1338 nisi
1624 1305 1682 1336 ex
1713 1305 1803 1336 nu-

102 1365 254 1414 meris
292 1366 344 1413 in
383 1365 831 1427 subscriptionibus
870 1363 1056 1412 additis
1096 1363 1285 1412 scribae
1320 1364 1524 1414 novisse
1549 1365 1805 1427 poterant:

103 1441 246 1503 atqui
285 1439 327 1488 si
365 1439 597 1488 volumen
636 1439 714 1487 III
754 1439 887 1504 vulg.
927 1438 1143 1501 primum
1184 1439 1419 1500 omnium,
1458 1438 1555 1487 vol.
1580 1437 1628 1485 V
1666 1439 1803 1503 vulg.

106 1516 338 1578 quintum
377 1529 482 1562 esse
520 1513 572 1561 in
613 1513 1059 1575 subscriptionibus
1105 1512 1362 1578 legebant,
1411 1513 1487 1562 his
1528 1514 1805 1576 ceterisque

104 1588 551 1651 subscriptionibus
596 1589 727 1637 male
773 1588 1042 1637 intellectis
1080 1588 1339 1636 volumina
1377 1588 1403 1636 I
1442 1590 1492 1636 et
1528 1587 1581 1636 H
1628 1588 1805 1637 ceteris

103 1662 374 1728 praefigere
414 1679 513 1711 non
544 1666 790 1726 poterant.
847 1678 1007 1727 neque
1037 1664 1196 1727 igitur
1233 1663 1323 1711 hos
1361 1678 1592 1711 numeros
1632 1663 1804 1727 genui-

103 1754 194 1787 nos
234 1732 337 1804 (111
360 1759 417 1776 ==
449 1731 501 1804 1)
542 1737 731 1786 scribae
772 1736 1019 1803 legebant,
1050 1753 1211 1800 neque
1242 1752 1636 1800 papyraceorum
1666 1739 1806 1786 volu-

103 1814 295 1862 minum
340 1812 470 1860 male
511 1812 879 1861 cohaerentium
920 1813 1135 1875 vestigia
1174 1815 1384 1860 exstant.

215 1886 329 1950 Ipse
367 1889 543 1936 auctor
581 1887 788 1949 eiusque
835 1887 983 1935 amici
1028 1887 1246 1935 numeris
1288 1886 1552 1949 adscriptis
1591 1902 1690 1935 non
1728 1887 1805 1934 in-

103 1961 355 2026 digebant,
393 1963 628 2024 quoniam
669 1978 766 2024 quo
806 1961 978 2010 ordine
1017 1961 1202 2026 singuli
1248 1961 1407 2010 libelli
1446 1962 1716 2025 conscripti
1755 1964 1808 2010 et

102 2036 384 2085 transmissi
431 2039 616 2098 essent,
662 2036 785 2085 bene
825 2039 1080 2085 noverant.
1159 2036 1366 2098 accedit,
1407 2036 1537 2099 quod
1578 2037 1804 2085 consulto

105 2110 349 2174 quosdam
402 2110 556 2159 libros
611 2126 637 2160 e
691 2126 879 2160 conexu
934 2112 1207 2160 vetustiore
1270 2112 1505 2173 eximere,
1558 2111 1804 2173 reliquam

103 2185 280 2235 seriem
319 2185 562 2234 intactam
600 2186 881 2249 relinquere
921 2202 1021 2234 non
1059 2185 1248 2235 scribae
1289 2188 1364 2235 est
1411 2185 1493 2235 sed
1533 2187 1804 2248 scriptoriS,

103 2275 203 2309 non
257 2260 487 2308 fortunae
542 2260 627 2309 sed
674 2260 892 2322 consilii,
937 2276 1034 2309 non
1083 2261 1399 2325 ignorantiae
1447 2260 1532 2310 sed
1577 2262 1803 2309 rationis.

102 2335 274 2397 itaque
330 2334 601 2383 scribarum
663 2336 938 2385 recentium
990 2335 1162 2383 manui
1218 2335 1336 2384 ordo
1394 2335 1651 2398 archetypi
1705 2351 1805 2384 non

100 2406 322 2458 debetur.

216 2485 286 2531 At
324 2499 385 2531 ne
426 2481 661 2532 Senecam
702 2484 903 2547 quidem
941 2485 1103 2547 ipsum
1153 2484 1349 2534 libellos
1387 2483 1582 2533 Lucilio
1628 2485 1806 2533 missos

104 2557 275 2606 statim
330 2557 633 2621 bibliopolae
688 2558 878 2608 dedisse
932 2559 1213 2621 putaverim
1262 2552 1425 2623 (Stud.
1467 2558 1490 2607 1
1534 2560 1640 2607 130
1656 2552 1803 2624 sqq.).

104 2634 294 2695 priores
334 2634 466 2681 enim
506 2632 625 2681 dum
665 2632 837 2682 scribit
868 2633 926 2681 de
959 2634 1059 2682 cito
1093 2635 1163 2682 eis
1193 2634 1246 2682 in
1278 2634 1438 2683 lucem
1472 2632 1672 2682 edendis
1705 2650 1804 2682 non

105 2708 349 2771 cogitasse
396 2707 520 2755 mihi
560 2707 772 2768 videtur,
811 2708 1047 2771 quoniam
1094 2708 1354 2757 lacessitus
1394 2707 1456 2756 ab
1503 2709 1805 2770 imperatore

54 2816 63 2825 .
104 2781 204 2829 iam
237 2781 421 2831 infesto
461 2782 647 2830 malum
681 2782 990 2831 stomachum
1023 2798 1182 2846 neque
1215 2782 1411 2831 celabat
1450 2798 1609 2845 neque
1643 2782 1804 2831 celare

104 2854 400 2904 conabaturt
438 2857 491 2904 in
530 2856 691 2906 tribus
722 2856 920 2906 demum
951 2857 1133 2907 ultimo
1172 2857 1282 2907 loco
1315 2857 1514 2920 scriptis
1545 2856 1617 2904 VI
1650 2855 1749 2905 VII
1779 2856 1803 2903 I

105 2931 421 2979 summissum
455 2946 506 2980 se
529 2930 718 2980 Neroni
744 2929 946 2980 Caesari
978 2931 1264 2980 ostentabat
1294 2926 1459 2998 (Stud.
1485 2930 1509 2978 I
1537 2932 1641 2979 313
1658 2923 1803 2997 sqq.).
