1988 3138
764 94 1106 140 PRAEFATIO
1683 93 1789 140 XIX

89 229 240 276 hieme
285 239 397 273 vero
450 224 730 285 tepidiorem
781 221 1059 271 adscribere
1112 223 1268 284 potui.
1354 223 1525 270 tamen
1578 222 1790 270 fortuito

88 302 208 350 haec
248 314 516 363 congruere
566 300 610 346 si
649 298 760 360 quis
813 296 1080 357 contendit,
1132 295 1361 358 equidem
1405 312 1517 345 eum
1562 296 1790 344 refellere

87 390 301 437 neque03
340 376 503 422 cetera
542 374 675 420 enim
715 372 839 420 alias
878 370 1130 419 doctrinas
1170 371 1373 433 sapiunt
1402 371 1662 433 multaque
1700 371 1789 419 ha-

87 466 197 498 rum
238 449 585 511 quaestionum
623 447 812 508 placita
851 444 1338 494 circumferebantur.

195 523 306 572 Iam
353 522 562 570 duorum
609 521 920 569 saeculorum
967 521 1186 582 spatium
1232 519 1427 567 nullum
1464 519 1786 567 Naturalium

87 598 443 655 Quaestionum
491 595 834 644 testimonium
879 594 1116 657 praebere
1163 594 1373 642 videtur.
1453 595 1678 656 sequitur
1723 594 1787 642 ad

85 673 270 721 calcem
308 671 381 719 IV
414 671 599 719 saeculi
630 670 977 718 Ammianus
1016 668 1426 730 Marcellinus,
1467 668 1785 731 Symmacho-

84 764 196 794 rum
236 750 287 794 et
315 745 735 794 Nicomachorum
775 744 1015 806 aequalis,
1055 759 1201 805 quem
1234 742 1446 791 Senecae
1480 743 1539 791 de
1578 743 1792 791 fulmine

87 820 365 869 doctrinam
425 822 478 868 in
540 819 724 868 Rerum
781 817 1044 866 Gestarum
1105 817 1233 866 libro
1288 817 1460 865 XXII]
1514 819 1791 880 exprimere

85 896 300 944 voluisse
324 894 555 943 Valesius
591 895 778 956 optime
818 893 1097 955 suspicatus
1137 895 1224 940 est.
1286 893 1416 940 hanc
1454 893 1786 955 suspicionem

84 970 313 1032 pluribus
352 969 659 1033 argumentis
690 969 809 1016 fulsi
846 966 1008 1030 (Stud.
1034 967 1058 1014 I
1085 968 1152 1015 99
1173 959 1320 1034 sqq.).
1383 983 1544 1028 neque
1577 970 1667 1026 est,
1699 982 1788 1015 cur

84 1046 404 1092 Ammianum
440 1043 604 1105 ipsum
638 1043 850 1091 Senecae
883 1057 1009 1105 opus
1046 1042 1322 1104 inspexisse
1354 1057 1611 1105 negemus:
1653 1041 1785 1103 quod

86 1120 218 1167 enim
243 1118 530 1167 Theodorus
555 1118 828 1166 Mommsen
860 1117 1086 1177 coniecit,
1116 1118 1249 1164 inter
1278 1117 1368 1165 hos
1400 1115 1524 1164 duos
1557 1120 1784 1164 auctores

83 1193 498 1257 chorographiam
531 1210 576 1255 q.
602 1193 647 1240 d.
673 1192 958 1240 Plinianam
988 1192 1338 1251 intercessisse,
1361 1190 1592 1239 refutavi.
1633 1191 1785 1239 verba

85 1267 297 1317 Senecae
322 1267 385 1315 ab
409 1269 676 1315 Ammiano
708 1282 955 1328 nusquam
979 1266 1192 1314 fideliter
1223 1281 1452 1327 expressa
1476 1268 1594 1314 sunt
1623 1281 1784 1328 neque

82 1344 240 1407 igitur
278 1346 512 1404 corrupta
550 1341 664 1389 inde
704 1341 946 1389 medelam
986 1340 1252 1403 accipiunt.

193 1416 338 1465 Hanc
376 1432 474 1464 non
515 1419 856 1479 exspectamus
905 1415 990 1463 sed
1038 1415 1205 1478 aliquo
1246 1415 1392 1463 modo
1442 1415 1713 1477 accipimus
1754 1430 1784 1463 a

83 1492 347 1540 Iohanne
379 1490 709 1539 Laurentio
740 1489 927 1553 Lydo,
969 1489 1056 1552 qui
1096 1505 1207 1538 cum
1246 1489 1401 1538 libros
1433 1489 1493 1538 de
1532 1489 1783 1537 mensibus

83 1566 246 1614 medio
296 1566 397 1615 fere
448 1566 644 1615 saeculo
682 1565 756 1612 VI
795 1580 969 1628 graece
1013 1564 1357 1626 conscriberet,
1406 1564 1595 1626 placita
1636 1562 1783 1612 Sene-

82 1656 167 1689 cae
213 1640 273 1689 de
319 1640 437 1689 Nilo
492 1634 632 1706 (IVa
665 1633 720 1705 2)
775 1639 1012 1702 pleraque
1065 1638 1194 1687 libro
1240 1638 1315 1686 IV
1359 1638 1571 1687 inseruit
1617 1631 1781 1706 (Stud.

81 1715 106 1763 I
141 1717 208 1764 94
228 1708 373 1782 sqq..)
445 1718 499 1763 at
536 1715 668 1764 hunc
705 1717 899 1763 textum
937 1714 1052 1762 Nat.
1095 1713 1454 1771 Quaestionum
1494 1715 1783 1776 corruptum

80 1790 260 1854 legisse
291 1789 405 1838 inde
436 1789 661 1853 probavi,
695 1789 825 1851 quod
858 1787 1009 1837 verba
1040 1788 1164 1836 bene
1194 1787 1385 1836 tradita
1417 1789 1539 1836 satis
1570 1787 1784 1836 fideliter

81 1865 132 1912 in
184 1880 454 1913 sermonem
497 1863 743 1913 Graecum
793 1864 1067 1924 transtulit,
1116 1862 1203 1910 ubi
1254 1878 1344 1911 nos
1393 1863 1574 1910 menda
1613 1863 1781 1926 depre-

81 1938 358 1997 hendimus,
409 1939 514 2002 ipse
565 1938 872 1987 liberrimam
923 1938 1295 1986 conversionem
1333 1937 1551 2000 praebet.
1630 1939 1782 2021 atque

82 2013 431 2078 gravissimum
464 2016 540 2062 est
569 2013 818 2062 hominem
851 2011 1050 2075 Lydum
1081 2028 1143 2060 ne
1174 2012 1225 2059 id
1259 2012 1459 2074 quidem
1492 2012 1783 2075 repperisse,

82 2088 213 2151 quod
246 2088 317 2136 IV
335 2105 366 2137 a
399 2090 447 2148 2,
474 2089 544 2137 20
575 2088 852 2136 restituisse
891 2086 1012 2134 mihi
1055 2086 1228 2135 videor
1264 2102 1350 2135 nec
1392 2080 1632 2146 Caystrus
1669 2088 1781 2135 sub·

80 2160 311 2226 inem<s>
354 2163 540 2219 Tmolo,
588 2162 671 2210 ubi
715 2163 963 2211 subiaccnt
1008 2162 1133 2210 molo
1171 2161 1477 2210 tradebatur.
1555 2161 1783 2224 sequitur

80 2238 251 2301 igitur,
291 2243 347 2286 ut
386 2237 621 2286 codices
652 2237 783 2285 Nat.
810 2236 1241 2294 Quaestionum
1280 2252 1456 2285 manu
1495 2235 1782 2298 scriptos,

82 2313 182 2374 qui
245 2311 316 2360 ad
379 2311 772 2360 Laurentium
834 2326 1060 2374 nosque
1123 2314 1559 2374 pervenerunt,
1622 2309 1779 2373 Sym-

81 2386 273 2435 machi
305 2390 761 2449 ceterorumque
794 2400 992 2434 curam
1024 2401 1137 2434 non
1170 2387 1480 2449 accepisse
1505 2384 1606 2433 sed
1631 2402 1780 2453 men-

80 2460 254 2510 dosos
305 2461 684 2511 circumferri
735 2464 793 2509 et
831 2459 1093 2509 describi
1145 2460 1363 2509 solitos
1415 2474 1540 2508 esse
1580 2474 1779 2508 censen-

80 2534 197 2584 dum
252 2535 329 2584 sit.
421 2536 656 2584 nimirum
710 2535 962 2584 nonnullis
1016 2534 1138 2583 locis
1190 2534 1319 2583 libro
1373 2534 1632 2583 Laurentii
1694 2533 1779 2583 ad-

79 2610 204 2660 scito
244 2615 294 2659 et
331 2610 511 2659 menda
542 2610 789 2659 tolluntur
820 2613 870 2658 et
901 2610 1212 2658 coniecturae
1244 2611 1349 2659 sive
1380 2609 1643 2657 firmantur
1674 2608 1778 2658 sive

79 2684 386 2733 refelluntur.
465 2688 632 2732 tamen
684 2684 848 2734 nescio
889 2700 951 2732 an
992 2684 1230 2732 maiorem
1281 2684 1498 2733 fructum
1538 2682 1708 2746 Lydus
1748 2699 1778 2731 a

81 2758 265 2808 Seneca
303 2758 485 2822 capiat,
524 2759 663 2809 cuius
703 2757 864 2808 verbis
904 2759 1207 2821 comparatis
1245 2760 1587 2821 excerptorum
1628 2757 1776 2806 Grae·

80 2849 249 2883 corum
290 2832 656 2882 emendationes
697 2833 882 2897 protuli
923 2826 1087 2900 (Stud.
1121 2832 1144 2880 1
1180 2827 1297 2899 94),
1335 2832 1555 2881 Wfinsch
1603 2835 1778 2894 postea

80 2907 360 2956 simillimas
385 2907 554 2957 edidit.
594 2909 774 2956 summi
800 2923 915 2956 vero
941 2908 1179 2956 momenti
1203 2911 1279 2956 est
1304 2907 1433 2969 quod
1460 2906 1775 2955 Hermannus

1447 2988 1507 3031 b*
