1988 3138
733 113 1079 159 PRAEFATIO
1616 115 1765 160 XLIII

66 242 409 301 mdebmmr,
446 256 546 289 non
584 240 836 289 emendati
873 240 1160 289 edebantur.
1238 259 1393 289 unum
1433 242 1623 304 excipio
1662 242 1764 290 edi-

66 320 228 366 torem
267 316 576 364 Matthaeum
614 315 945 363 Fortunatum
984 316 1151 363 virum
1191 316 1510 380 Ungaricum,
1558 317 1644 379 qui
1690 333 1763 365 se-

67 395 272 456 paratos
310 390 366 438 L.
397 390 526 438 Ann.
562 389 671 438 Sen.
712 392 815 437 nat.
850 387 1046 446 Quaest.
1080 390 1234 439 libros
1267 391 1367 438 VH
1406 391 1540 454 apud
1578 390 1765 439 Aldum

70 468 298 515 Venetiis
340 465 481 514 1522
523 481 548 511 e
587 464 816 526 pluribus
855 464 1104 512 codicibus
1146 480 1176 513 a
1208 481 1258 513 se
1292 465 1488 514 collatis
1528 465 1685 514 edidit
1716 468 1767 514 et

69 541 247 590 deinde
291 539 423 587 idem
462 554 586 600 opus
626 538 774 587 alteri
811 539 1009 586 Erasmi
1047 538 1255 588 editioni
1306 542 1606 604 casffigatum
1654 540 1765 588 sub-

67 616 234 664 iunxit
265 608 628 680 (Frobenianae
654 629 696 661 a.
728 606 908 679 1529).
963 614 1116 661 ceteri
1147 615 1370 679 singulos
1402 617 1601 663 tantum
1632 615 1768 664 locos

67 690 358 753 tetigerunt.
436 690 587 750 atque
635 690 696 736 ut
744 690 906 735 totam
957 690 1357 737 coniecturarum
1409 692 1459 737 et
1497 690 1768 737 lectionum

70 765 375 828 farraginem
423 765 538 810 ante
585 778 770 809 annum
821 762 961 810 1842
1010 763 1322 825 prolatarum
1361 779 1460 812 uno
1501 766 1769 826 conspectu

73 837 571 901 comprehendamus,
620 837 872 885 sollertiae
919 840 970 885 et
1024 837 1313 901 diligentiae
1363 837 1412 886 C.
1454 838 1510 885 R..
1552 838 1770 887 Fickerti

73 913 330 962 debemus:
368 913 475 973 ipse
515 927 576 959 ne
615 911 912 960 recensionis
946 912 1146 974 quidem
1178 912 1555 961 fundamentum
1588 915 1769 974 posuit.

69 988 188 1037 huic
227 986 453 1050 ponendo
492 985 772 1034 Fridericus
803 985 970 1034 Haase
1010 986 1179 1035 dedita
1218 1003 1370 1050 opera
1402 1004 1444 1036 a.
1482 988 1619 1036 1851
1664 991 1771 1036 tex-

69 1066 180 1111 tum
218 1062 270 1109 in
308 1061 471 1109 lucem
509 1061 678 1108 emisit
715 1076 813 1108 non
845 1064 1092 1123 apparatu
1131 1063 1304 1110 critico
1342 1062 1646 1110 instructum
1686 1062 1774 1110 sed

68 1153 185 1186 cnm
222 1137 417 1184 ratione
457 1138 507 1183 et
545 1135 821 1199 sagacitate
859 1137 1158 1184 recensitum
1191 1140 1240 1185 et
1276 1137 1608 1197 emendatum,
1649 1138 1773 1185 artis

72 1217 126 1260 et
178 1211 366 1275 ingenii
419 1213 795 1258 monumentum
848 1209 1134 1272 indelebile,
1188 1227 1489 1274 quamquam
1547 1227 1607 1259 ne
1658 1210 1773 1259 huic

71 1286 273 1350 quidem
313 1284 504 1334 codices
544 1283 665 1333 satis
704 1285 853 1332 multi
891 1301 1051 1347 neque
1090 1286 1268 1348 optimi
1308 1286 1654 1349 suppetebant.

188 1359 278 1409 His
324 1361 677 1408 recentissimis
728 1359 1035 1422 temporibus
1083 1361 1359 1423 complures
1408 1361 1503 1409 viri
1543 1361 1676 1409 docti
1725 1363 1775 1409 et

73 1450 278 1500 sagaces
317 1435 370 1482 in
410 1449 680 1482 sermonem
725 1432 938 1483 Senecae
979 1434 1302 1498 codicumque
1344 1451 1531 1484 errores
1565 1435 1775 1498 inquisi-

73 1514 270 1570 verunt,
308 1508 535 1557 Larischi
574 1511 624 1557 et
663 1508 937 1557 Rossbachi
975 1510 1131 1572 copiis
1172 1525 1288 1558 usus
1336 1527 1494 1559 novae
1542 1510 1776 1559 editionis

70 1583 389 1647 spicilegium
437 1576 572 1648 (IVa
616 1586 640 1630 1
686 1586 735 1631 et
778 1578 835 1648 2)
890 1583 1206 1633 Hermannus
1262 1585 1399 1634 Diels
1454 1585 1634 1647 edidit,
1689 1585 1779 1632 alii

74 1659 273 1724 singula
320 1658 498 1705 menda
545 1657 868 1706 sustulerunt.
947 1658 1125 1707 horum
1170 1658 1605 1708 dissertationibus
1653 1675 1777 1722 quas

78 1732 130 1782 Ο.
163 1733 350 1781 Hosius
395 1736 445 1780 et
492 1732 547 1780 E.
580 1732 788 1780 Hermes
839 1733 890 1780 in
937 1733 1189 1781 volumine
1230 1734 1254 1781 I
1301 1734 1531 1783 sollerter
1577 1749 1777 1798 conges-

74 1813 268 1869 serunt,
308 1822 440 1855 nunc
478 1822 662 1870 paucas
702 1809 968 1870 praecipue
1001 1807 1066 1855 ad
1105 1809 1219 1856 Nat.
1255 1808 1453 1866 Quaest.
1495 1810 1778 1871 spectantes

76 1882 353 1931 addiderim
386 1898 543 1944 neque
576 1881 949 1943 disquisitiones
983 1882 1041 1929 de
1082 1883 1254 1931 ordine
1293 1884 1578 1932 libellorum
1618 1884 1780 1931 factas

75 1973 351 2006 omiserim:

75 2105 156 2153 W.
183 2105 345 2154 Allers
383 2106 503 2153 noch
543 2106 723 2153 einmal
769 2106 848 2154 die
887 2090 1155 2169 Buchfolye
1202 2109 1255 2155 in
1292 2106 1404 2156 Sem.
1442 2111 1543 2156 nat.
1587 2107 1779 2168 Quaest.

227 2182 281 2228 in
320 2180 552 2228 Fleckeis.
593 2179 770 2228 Jahrb.
815 2182 935 2240 145,
978 2182 1080 2230 621
1126 2175 1322 2250 (1892)

77 2253 423 2376 E.Ch;te1ain
463 2253 813 2315 Pale'oqraphie
851 2256 935 2304 des
974 2256 1238 2317 classiques
1278 2258 1427 2305 latins
1466 2256 1517 2304 H
1550 2257 1660 2304 livr.
1700 2258 1781 2305 13.

272 2330 372 2377 aris
415 2330 554 2378 1897

80 2403 135 2452 L.
162 2398 364 2453 Crousle
404 2404 463 2452 de
501 2404 562 2453 L.
596 2403 728 2451 Arm.
761 2403 870 2452 Sen.
912 2409 1010 2454 nat.
1046 2405 1239 2467 Qua-est.
1273 2406 1416 2455 thesis
1450 2406 1608 2454 Paris
1662 2405 1783 2454 Ver-

230 2478 397 2527 sames
437 2483 487 2527 et
525 2478 667 2528 Paris
712 2479 851 2527 1863

81 2551 142 2601 H.
173 2552 308 2601 Diels
346 2553 525 2602 Seneca
568 2553 670 2602 und
700 2552 894 2615 Lucan,
936 2554 1103 2603 Berlin
1150 2555 1288 2603 1886
1300 2592 1314 2619 ‚
1361 2556 1414 2603 in
1454 2554 1661 2614 Abkdlq.
1700 2554 1786 2602 der

233 2627 366 2676 Berl.
391 2628 660 2676 Akademie
702 2628 841 2677 1885

82 2699 134 2750 C.
155 2702 218 2749 M.
237 2700 492 2751 Francken
525 2702 766 2751 Lucanus
797 2704 855 2750 de
887 2704 1003 2752 Nilo
1035 2705 1087 2751 in
1121 2705 1304 2752 Mncm.
1334 2706 1418 2766 21,
1446 2705 1551 2753 315
1588 2697 1783 2770 (1893)

83 2775 160 2822 W.
202 2774 395 2825 Gemoll
457 2778 509 2825 in
565 2791 771 2826 censura
828 2778 1118 2827 Studiorum
1167 2794 1390 2827 meorum
1445 2780 1670 2841 priorum
1734 2777 1784 2825 in

250 2850 626 2911 Wochenschris't
662 2853 698 2911 f.
739 2850 884 2899 klass.
926 2853 1049 2901 Phil.
1098 2854 1179 2915 13,
1213 2854 1319 2901 428
1361 2846 1559 2918 (1896)

84 2923 143 2971 A.
180 2924 390 2974 Gercke.
430 2925 490 2974 cf.
531 2941 682 2989 supra
722 2942 767 2989 p.
803 2926 847 2973 V
1408 2925 1425 2965 ι’
