1988 3138
172 123 279 167 XIV
843 114 1187 170 PRAEFATIO

172 249 291 297 libri
336 249 483 296 initio
530 249 776 298 interiisse
823 242 964 299 ratus
1017 251 1135 298 olim
1183 251 1415 299 contendi
1465 244 1629 318 (Stud.
1668 252 1695 299 Ι
1737 244 1866 317 114)

173 324 273 371 iam
322 323 555 371 arrident.
632 325 785 373 immo
831 324 978 372 Pium
1023 325 1158 372 Kern
1206 325 1458 373 seminarii
1503 327 1663 374 nostri
1708 343 1869 388 nuper

175 397 394 446 sodalem
443 400 638 447 secutus
687 415 711 445 e
757 399 914 447 libelli
967 399 1117 447 titulo
1163 399 1414 447 Lucilium
1464 402 1514 446 et
1565 401 1866 462 quicumque

173 472 397 520 libellum
442 471 695 536 perlegere
750 475 914 536 coepit
963 477 1312 537 argumentum
1359 473 1476 521 libri
1521 474 1573 521 II
1619 474 1867 522 divinasse

173 562 304 594 nunc
328 546 631 595 crediderim.
688 548 871 596 sufficit
895 549 1026 595 enim
1057 548 1178 595 haec
1211 548 1475 610 explicatio
1501 549 1868 610 simplicissima

173 623 223 668 et
261 621 436 669 ceteris
474 624 711 682 praestat.

284 695 475 743 Paucos
537 696 693 759 igitur
721 717 724 721 ’
753 696 1034 744 libellorum
1088 696 1263 744 titulos
1318 696 1594 758 antiquitus
1655 697 1867 746 traditos

171 786 425 831 unumque
463 787 562 818 non
602 773 854 819 servatum
892 771 977 819 sed
1023 772 1222 819 favente
1260 770 1485 818 Minerva
1523 773 1867 834 recuperatum

174 844 237 892 ad
276 846 444 906 ipsum
484 847 736 893 auctorem
775 845 944 907 aliquo
983 845 1128 893 modo
1166 844 1391 893 recedere
1432 848 1639 894 constat.
1709 862 1868 906 neque

174 918 348 967 ceteris
387 919 571 967 libellis
611 919 824 968 defuisse
863 921 1037 968 titulos
1077 922 1459 968 consentaneum
1499 923 1586 981 est,
1627 920 1716 982 qui
1755 936 1866 967 con—

171 993 362 1041 iectura
399 995 599 1041 tantum
639 994 956 1059 colliguntur.
1853 987 1856 990 Δ

283 1067 445 1132 Magis
485 1067 621 1116 dubii
663 1071 780 1116 sunt
817 1070 1010 1116 numeri
1047 1069 1171 1131 ipsis
1211 1069 1655 1130 subscriptionibus
1694 1068 1867 1117 additi.

172 1141 410 1189 nimirum
450 1145 638 1190 ceteros
675 1144 935 1205 tamquam
973 1143 1336 1192 recentissimos
1375 1159 1541 1191 omnes
1579 1144 1755 1191 missos
1794 1144 1868 1190 fa-

174 1216 328 1277 ciunt,
365 1217 454 1265 isti
490 1218 688 1265 tantum
727 1218 778 1264 in
819 1217 1069 1266 codicibus
1108 1211 1202 1265 HL
1241 1217 1424 1265 libellis
1464 1218 1583 1265 IVb
1623 1220 1673 1266 et
1703 1216 1750 1263 V
1782 1217 1866 1264 ad-

174 1290 346 1353 scripti
400 1293 453 1338 in
507 1291 649 1339 litem
695 1291 913 1340 veniunt.
999 1294 1150 1354 atque
1204 1292 1293 1339 hos
1348 1292 1549 1354 quidem
1603 1308 1705 1340 una
1756 1302 1869 1340 cum

172 1364 336 1413 titulis
369 1381 395 1413 6
429 1364 643 1414 Senecae
669 1365 885 1414 editione
915 1366 1112 1414 fluxisse
1137 1366 1276 1414 Diels
1302 1366 1526 1427 coniecit,
1550 1383 1640 1430 ego
1673 1367 1867 1430 negavi.

171 1441 353 1487 mirum
392 1456 509 1489 sane
551 1443 639 1502 est,
680 1440 812 1502 quod
857 1440 984 1488 liber
1022 1440 1140 1488 IVb
1180 1441 1330 1488 tertio
1377 1441 1485 1489 loco
1525 1444 1575 1489 et
1613 1457 1643 1489 a
1683 1440 1869 1489 Seneca.

174 1514 480 1576 conscriptus
531 1517 607 1562 est
657 1518 707 1563 et
756 1515 807 1562 in
859 1514 1110 1563 nonnullis
1157 1515 1376 1563 melioris
1422 1517 1568 1564 notae
1619 1515 1868 1565 codicibus

173 1591 482 1650 numeratur,
527 1605 627 1638 non
672 1590 889 1651 ponitur.
953 1588 1022 1637 ⁴at
1061 1605 1178 1638 casu
1216 1589 1307 1637 hoc
1346 1590 1534 1638 factum
1572 1593 1667 1638 est:
1709 1605 1868 1652 neque

174 1665 305 1711 enim
350 1664 409 1710 in
458 1663 788 1726 archetypo
834 1664 1040 1712 tertium
1087 1664 1167 1711 hic
1212 1663 1340 1711 liber
1385 1663 1643 1712 obtinebat
1702 1664 1868 1712 locum

174 1737 259 1785 sed
299 1738 544 1800 quintum.
624 1737 744 1785 ordo
784 1738 915 1786 enim
954 1738 1195 1786 librorum
1232 1738 1286 1785 in
1322 1738 1412 1786 illo
1451 1739 1533 1788 hic
1573 1740 1689 1786 fuit:

349 1869 351 1871 ³
573 1812 804 1860 ΙΠΠΙ
842 1812 959 1859 IVa
997 1811 1112 1860 IVb
1152 1811 1309 1859 VVI
1347 1813 1475 1873 VH,

175 1889 325 1948 atque
364 1887 510 1934 huius
543 1886 730 1935 ordinis
762 1901 992 1935 numeros
1027 1888 1167 1935 1—8
1209 1886 1369 1934 libelli
1399 1902 1517 1949 prae
1551 1903 1602 1935 se
1633 1888 1713 1935 vel
1752 1888 1867 1935 sub‘-

175 1960 384 2023 scriptos
424 1961 651 2009 ferebant
690 1954 773 2026 (cf.
816 1959 955 2008 Stud.
987 1961 1013 2007 I
1047 1961 1116 2008 84
1156 1963 1206 2008 et
1242 1954 1412 2028 infra).
1491 1961 1714 2009 codicum
1752 1978 1868 2012 vero

174 2030 268 2084 HL
308 2035 620 2097 aliorumque
666 2051 896 2084 numeros
936 2035 1133 2083 aliunde
1178 2035 1363 2085 inlatos
1403 2051 1505 2085 esse
1545 2051 1657 2084 cum
1697 2036 1868 2085 Schul-

173 2110 324 2159 tessio
364 2109 737 2172 comprobatum
777 2109 915 2157 duco.
977 2112 1235 2172 praeterea
1274 2113 1317 2159 si
1353 2110 1452 2172 ipsi
1491 2126 1521 2157 a
1560 2109 1746 2159 Seneca
1784 2112 1868 2159 ad-

175 2185 349 2247 scripti
399 2184 608 2247 singulis
646 2184 981 2232 voluminibus
1034 2184 1383 2246 adhaerebant,
1433 2200 1532 2232 non
1580 2187 1867 2247 explicatur,

175 2275 265 2307 cur
316 2260 394 2307 his
447 2258 684 2323 neglectis
739 2259 1028 2320 antiquitus
1090 2260 1187 2307 toti
1240 2259 1356 2307 libri
1413 2260 1521 2307 loco
1574 2260 1701 2307 moti
1754 2260 1866 2308 sint.

174 2349 332 2396 neque
370 2333 527 2397 igitur
564 2334 761 2381 numeri
810 2333 1013 2395 genuini
1063 2332 1249 2382 ordinis
1298 2351 1326 2381 a
1367 2333 1553 2381 Seneca
1600 2335 1710 2396 ipso
1761 2334 1869 2382 dati

174 2407 510 2457 voluminibus
550 2407 695 2455 editis
736 2406 895 2454 additi
934 2407 1167 2455 videntur
1203 2409 1368 2456 fuisse.

286 2482 395 2530 Iam
435 2482 708 2544 quaeritur,
754 2497 877 2528 num
921 2483 1026 2543 ipse
1068 2481 1254 2530 Seneca
1291 2484 1457 2530 totum
1496 2498 1619 2545 opus
1659 2482 1869 2530 ediderit

175 2560 348 2618 atque,
401 2551 444 2604 si
498 2556 676 2616 edidit,
729 2571 945 2618 quonam
999 2556 1169 2604 ordine
1219 2572 1338 2604 usus
1393 2556 1648 2604 volumina
1702 2556 1866 2618 dispo-

175 2632 345 2680 suerit.
1846 2641 1857 2645 “

289 2704 526 2753 Codicum
571 2722 724 2754 manu
769 2704 1066 2765 scriptorum
1104 2706 1184 2753 vel
1229 2704 1395 2767 potius
1441 2704 1700 2766 archetypi
1738 2704 1866 2752 ordi-

174 2795 287 2827 nem
318 2782 662 2842 pervetustum
694 2794 812 2839 esse,
843 2793 941 2826 non
969 2778 1131 2827 medio
1157 2794 1278 2826 aevo
1304 2782 1481 2840 ortum,
1503 2778 1619 2826 inde
1644 2770 1866 2840 apparet,

178 2853 310 2915 quod
339 2854 605 2902 Naturales
637 2853 959 2910 Quaestiones
997 2868 1058 2900 ne
1098 2855 1388 2902 correctoris
1427 2852 1627 2914 quidem
1663 2867 1867 2900 manum

176 2929 311 2975 intra
351 2930 566 2976 aetatem
605 2928 892 2976 Flaviorum
932 2929 982 2974 et
1023 2925 1387 2990 Carolingicam
1432 2941 1693 2988 perpessae
1736 2929 1866 2974 sunt.
