1988 3138
98 226 120 264 1

155 90 265 142 200
403 157 416 159 ‚
689 90 738 134 L.
772 89 1010 133 ANNAEI
1042 89 1315 134 SENECAE

268 211 315 263 4.
382 210 708 273 Quaeramus
750 230 901 282 ergo,
941 211 1071 279 quid
1111 213 1201 281 sit,
1251 212 1395 279 quod
1432 215 1630 265 terram
1670 212 1734 264 ab
1774 213 1851 264 in-

155 287 284 339 fimo
325 289 560 354 moveat,
601 286 746 353 quod
784 287 921 338 tanti
967 287 1165 338 molem
1203 286 1454 354 ponderis
1493 287 1681 355 pellat,
1722 287 1851 354 quid

157 362 226 413 sit
265 361 359 412 iHa
395 361 674 428 valentiuS,
716 361 859 428 quod
897 363 1107 412 tantum
1148 379 1282 413 onus
1322 361 1376 413 vi
1420 379 1515 413 sua
1551 361 1851 428 labefactet,

157 454 252 488 cur
283 434 441 486 modo
475 437 684 502 tremat,
723 435 883 487 modo
915 436 1096 487 laxata
1127 435 1382 503 subsidat,
1413 453 1555 486 nunc
1587 436 1643 486 in
1673 438 1849 503 partes

157 509 327 561 divisa
378 509 614 561 discedat
665 512 717 561 et
769 510 897 562 alias
949 510 1289 561 intervallum
1339 511 1526 562 ruinae
1581 528 1705 561 suae
1760 509 1850 561 diu
1898 529 1916 562 5

157 587 343 650 servet,
383 584 511 635 alias
554 584 658 635 cito
702 585 1033 652 comprimat,
1072 602 1215 636 nunc
1255 603 1434 636 amnes
1466 583 1850 653 magnitudinis

154 662 313 710 notae
355 661 628 710 convertat
667 658 980 725 introrsum,
1020 676 1164 710 nunc
1202 677 1369 710 novos
1411 659 1688 726 exprimat,
1733 677 1851 726 ape-

153 733 259 784 riat
298 732 583 800 aliquando
618 750 875 800 aquarum
918 733 1206 785 calentium
1238 751 1414 799 venaS,
1454 732 1740 800 aliquando
1772 751 1851 785 re-

154 807 396 877 frigeret,
444 807 704 876 ignesque
750 825 1155 875 nonnumquam
1201 826 1298 875 per
1341 807 1559 875 aliquod
1605 807 1849 876 ignotum

156 885 311 934 antea
333 882 532 933 montis
558 885 650 933 aut
671 883 820 950 rupis
845 882 1087 934 foramen
1119 882 1342 949 emittat,
1375 881 1660 950 aliquando
1693 884 1849 933 notos
1877 901 1919 933 10

156 959 209 1008 et
246 974 342 1024 per
381 957 592 1008 saecula
629 956 838 1008 nobiles
880 956 1210 1024 comprimat.
1274 957 1422 1008 mille
1453 957 1711 1008 miracula
1740 973 1851 1007 mo-

154 1033 243 1082 vet
288 1030 586 1098 faciemque
632 1033 802 1082 mutat
850 1031 983 1082 locis
1032 1033 1084 1082 et
1131 1030 1300 1082 defert
1346 1033 1576 1097 montes,
1625 1030 1853 1099 subrigit

154 1106 329 1173 plana,
360 1105 525 1157 valles
553 1105 843 1170 extuberat,
875 1123 1041 1156 novas
1067 1105 1124 1156 in
1156 1105 1421 1172 profundo
1447 1106 1647 1156 insulas
1674 1105 1851 1173 erigit:

155 1178 286 1231 haec
316 1197 381 1231 ex
406 1179 599 1247 quibus
627 1180 798 1231 causis
824 1179 1080 1246 accidant,
1107 1179 1268 1248 digna
1290 1198 1373 1232 res
1400 1179 1589 1232 excuti.
1649 1178 1851 1246 ‘quod',

154 1253 333 1321 inquis
342 1295 356 1321 ,
406 1253 527 1306 ‘erit
571 1254 804 1322 pretium
846 1253 1090 1322 operae?
1149 1272 1254 1321 quo
1294 1255 1504 1306 nullum
1545 1254 1716 1305 maius
1758 1256 1850 1321 est,
1879 1271 1918 1304 15

153 1346 312 1380 nosse
365 1331 623 1379 naturam.
702 1346 875 1396 neque
931 1328 1071 1380 enim
1130 1328 1418 1396 quicquam
1473 1328 1637 1380 habet
1691 1328 1748 1379 in
1798 1346 1853 1380 se

153 1402 314 1454 huius
355 1403 606 1455 materiae
645 1403 892 1454 tractatio
932 1403 1209 1470 pulchrius
1218 1445 1232 1470 ,
1282 1421 1402 1455 cum
1443 1403 1613 1454 multa
1659 1402 1855 1454 habeat

154 1477 336 1528 futura
384 1477 527 1546 usui,
581 1495 740 1545 quam
795 1477 939 1544 quod
993 1477 1267 1530 hominem
1318 1477 1717 1546 magnificentia
1771 1477 1853 1528 sui

156 1551 357 1604 detinet
395 1569 493 1603 nec
532 1551 773 1604 mercede
815 1551 906 1602 sed
941 1552 1199 1603 miraculo
1235 1552 1441 1603 colitur.
1505 1551 1851 1620 inspiciamus

156 1643 305 1695 ergO,
355 1625 482 1693 quid
531 1626 621 1694 sit,
675 1628 896 1694 propter
936 1626 1079 1694 quod
1129 1625 1261 1678 haec
1309 1625 1573 1678 accidant:
1622 1644 1850 1694 quorum
1877 1644 1920 1676 20

155 1700 285 1752 adeo
335 1703 414 1752 est
452 1699 587 1751 mihi
628 1700 796 1752 dulcis
838 1701 1123 1768 inspectio,
1170 1703 1232 1752 ut
1271 1701 1513 1768 quamvis
1563 1699 1851 1767 aliquando

157 1774 220 1827 de
267 1777 418 1826 motu
473 1777 733 1827 terrarum
780 1776 1033 1827 volumen
1086 1775 1292 1826 iuvenis
1341 1774 1618 1843 ediderim,
1672 1777 1853 1826 tamen

142 1852 416 1916 temptare
463 1868 548 1901 me
595 1850 858 1901 voluerim
907 1852 958 1901 et
1006 1850 1255 1917 experiri,
1302 1849 1419 1916 <si>
1459 1852 1600 1901 aetas
1650 1848 1852 1916 aliquid

154 1924 310 1975 nobis
344 1926 436 1975 aut
460 1923 525 1974 ad
551 1924 826 1976 scientiam
853 1927 944 1975 aut
969 1926 1109 1976 certe
1135 1923 1200 1974 ad
1229 1924 1562 1992 diligentiam
1589 1923 1849 1975 adiecerit.

268 1997 315 2048 5.
375 1996 615 2065 Causam,
658 2016 764 2065 qua
795 2001 936 2050 terra
968 1999 1284 2057 concutitur,
1326 1998 1416 2049 alii
1456 1998 1512 2049 in
1552 2016 1692 2065 aqua
1724 2016 1850 2066 esse,
1877 2016 1918 2048 25

156 2072 248 2123 alii
287 2072 344 2123 in
382 2072 620 2142 ignibus,
661 2073 753 2124 alii
792 2073 849 2124 in
887 2073 1004 2140 ipsa
1042 2075 1203 2139 terra,
1244 2073 1335 2124 alii
1374 2073 1431 2124 in
1470 2073 1661 2140 spiritu
1700 2075 1851 2140 puta-

154 2149 367 2214 verunt,
417 2147 509 2198 alii
548 2147 606 2198 in
643 2147 887 2215 pluribus
897 2188 911 2214 ,
960 2147 1051 2198 alii
1091 2147 1147 2198 in
1188 2147 1436 2198 omnibus
1479 2145 1585 2215 his3
1635 2146 1850 2214 quidam

274 2295 446 2335 14—20
477 2293 534 2347 cf.
568 2293 745 2336 Aet-uae
776 2307 814 2336 v.
838 2295 934 2336 222
948 2307 1039 2349 sqq.

690 2353 934 2396 immensus
966 2353 1093 2396 labor
1116 2358 1192 2406 est,
1224 2352 1301 2396 secl
1323 2352 1490 2406 fertilis
1520 2352 1637 2395 idem
1647 2369 1663 2405 ,-

512 2412 658 2469 diyua
689 2412 942 2456 laborantis
971 2413 1243 2467 respondent
1265 2412 1476 2467 praemia
1507 2412 1651 2454 curis:
1677 2445 1686 2454 .
1714 2446 1721 2453 .
1751 2446 1759 2454 .

353 2472 485 2525 (225)
518 2485 645 2515 nosse
675 2471 809 2525 fidem
839 2485 991 2515 ‘rerum
1022 2472 1274 2527 dubiasque
1304 2471 1537 2526 exquirere
1568 2485 1732 2514 causas
1765 2506 1774 2514 .
1810 2506 1818 2513 .

275 2608 300 2646 3
334 2604 429 2662 on.]
460 2603 610 2647 honus
642 2605 720 2647 λΕ
746 2605 759 2659 11
790 2609 818 2646 4
850 2604 989 2648 modo
1020 2605 1210 2662 tremat]
1242 2606 1414 2648 tremat
1445 2605 1492 2646 et
1523 2605 1561 2647 δ
1584 2606 1598 2660 11
1623 2609 1647 2646 ’1
1681 2604 1848 2662 nouos]

155 2662 289 2706 inuos
314 2665 349 2706 λ
377 2663 382 2721 1
412 2664 558 2721 expr.]
584 2663 702 2719 inpr.
721 2667 748 2704 J
757 2663 818 2706 1Κ
850 2677 1022 2719 compr.
1043 2665 1080 2708 d
1104 2666 1117 2720 11
1141 2668 1192 2706 12
1218 2663 1386 2721 defert]
1414 2662 1572 2706 differt
1596 2664 1634 2706 δ
1657 2665 1671 2719 11
1695 2668 1746 2706 14
1772 2665 1848 2722 ex]

155 2736 237 2766 om.
265 2723 302 2766 δ’
330 2724 335 2778 1
363 2723 456 2780 res]
483 2724 554 2765 est
578 2724 683 2766 add.
710 2723 748 2766 δ
771 2724 785 2779 11
809 2727 860 2765 16
885 2723 1157 2781 quicquam]
1180 2738 1214 2767 s.
1242 2724 1268 2766 Z.
1295 2724 1333 2767 δ
1355 2726 1369 2776 11
1394 2727 1443 2764 18
1467 2722 1594 2780 usui]
1627 2723 1751 2765 uisui
1776 2724 1811 2766 λ
1840 2726 1845 2778 1

155 2782 277 2825 hom.
302 2797 361 2825 m.
390 2782 480 2838 sui]
508 2796 666 2826 omnes
692 2782 764 2824 sui
787 2797 847 2826 m.
867 2783 905 2825 δ
928 2784 942 2839 11
966 2787 1017 2824 21
1043 2782 1131 2840 est]
1155 2787 1263 2838 post
1286 2781 1434 2824 dulcis
1460 2783 1498 2825 d*
1521 2784 1535 2838 11
1561 2786 1618 2824 22
1643 2782 1847 2840 iuuenis]

156 2847 260 2884 aute
278 2841 336 2884 de
351 2856 410 2885 m.
430 2843 468 2885 δ
481 2841 670 2885 Skutsch
692 2843 706 2897 11
731 2846 786 2885 23
804 2842 898 2899 me]
917 2847 1023 2897 post
1047 2841 1247 2898 experiri
1265 2843 1303 2885 δ
1311 2840 1502 2885 Skutsch
1529 2845 1534 2897 1
1564 2841 1602 2884 si
1623 2842 1700 2885 Ge.
1719 2841 1846 2899 add]

155 2914 215 2943 an
233 2900 361 2959 ssssssss
381 2905 417 2942 A
450 2915 556 2944 cum
580 2901 632 2954 g1
665 2914 724 2944 an
757 2915 862 2944 cum
886 2900 940 2954 g2
971 2914 1031 2944 an
1055 2902 1187 2959 vulyo
1212 2902 1225 2958 11
1250 2905 1307 2944 24
1340 2903 1422 2944 aut
1437 2901 1596 2958 prius]
1622 2915 1703 2944 om.
1731 2902 1769 2945 δ
1780 2905 1848 2943 ST
