1988 3138
171 55 280 101 VHI
848 56 1192 103 PRAEFATIO

173 183 386 231 fortasse
433 182 686 232 addendus
733 184 809 231 est
853 198 1060 232 mancus
1104 183 1192 230 ille
1230 184 1368 232 locus
1406 183 1481 232 VI
1507 186 1599 246 14,
1624 187 1654 232 2
1694 199 1782 233 nec
1818 187 1876 234 at

173 257 249 305 illi
276 257 462 318 paulo
501 260 635 305 ante
673 258 967 313 dicebant,
1015 258 1190 318 quibas
1229 260 1415 307 animal
1444 259 1610 318 placet
1646 274 1746 307 esse
1782 263 1874 307 ter—

173 345 307 387 ram,
346 347 522 394 nempe
567 333 762 394 partem
807 333 1007 380 tantum
1054 333 1272 394 corporis
1309 332 1538 381 laborare
1574 333 1654 381 illi
1692 333 1873 382 dixisse

175 405 420 468 videntur,
458 406 668 468 ideoque
699 421 1002 468 quamquam
1034 405 1201 454 Haase
1232 406 1474 467 placitum
1507 407 1635 456 illud
1671 423 1875 470 prorsus

174 480 484 529 intercidisse
507 479 736 542 putabat,
759 480 990 542 equidem
1013 496 1126 528 cum
1154 479 1342 528 Ioanne
1365 481 1605 530 Muellero
1639 480 1875 531 Senecam

166 554 239 602 -ad
278 554 326 601 V
351 556 408 616 4,
441 556 471 603 2
520 555 762 617 respicere
811 548 917 621 (vix
965 555 1030 602 ad
1075 553 1154 602 ΠΙ
1188 555 1280 615 15,
1322 548 1468 619 5311.)
1514 557 1657 603 ratus
1705 558 1876 604 emisso

178 622 405 695 (spirita)
445 629 688 692 supplevi.
766 629 978 691 denique
1016 629 1043 676 I
1070 629 1154 690 15,
1179 631 1211 676 4
1254 632 1458 677 cometas
1495 632 1650 678 nostri
1679 633 1874 690 putant,

176 705 234 751 de
274 704 449 764 quibus
495 705 714 751 dictam
762 706 864 759 est,
913 719 975 752 sc.
1023 705 1078 751 in
1116 704 1148 750 1.
1181 702 1281 751 VH
1319 697 1484 769 (Stud.
1510 704 1535 751 I
1562 705 1644 752 67.
1682 697 1876 771 112).¹)

286 777 468 839 Itaque
498 778 642 827 binos
680 777 878 826 libellos
917 778 1175 840 copulatos
1207 793 1311 826 esse
1337 780 1545 827 constat.
1609 780 1760 840 atque
1782 778 1877 826 lib-

176 868 289 900 rum
319 852 433 900 IVa
463 853 636 901 statim
668 855 783 914 post
812 852 890 900 HI
922 853 1254 915 conscriptum
1294 867 1399 901 esse
1431 852 1617 900 Seneca
1649 852 1787 915 dicit,
1824 853 1878 901 id

178 930 274 976 est:
321 927 382 975 de
427 926 714 976 fluminibus
754 926 986 989 deinceps
1034 928 1150 990 egit.
1228 942 1387 988 neque
1427 929 1589 975 cetera
1634 927 1878 976 librorum

176 1003 320 1063 paria
360 1001 474 1049 aliis
519 1000 830 1064 interpositis
877 1001 1051 1050 divelli
1094 1016 1240 1063 posse
1279 1001 1507 1050 doctrina
1544 1002 1654 1064 ipsa
1691 1017 1878 1049 rerum-

78 1089 81 1093 ·
178 1092 274 1138 que
320 1075 492 1124 ordine
547 1075 806 1138 explicatis
858 1075 1095 1138 probabo.
1179 1075 1333 1124 nubes
1390 1076 1522 1124 enim
1570 1076 1744 1138 pluvia
1792 1078 1879 1124 nix

178 1149 370 1214 grando
419 1145 513 1216 (IV
522 1144 580 1216 b)
628 1149 990 1212 quodammodo
1037 1166 1149 1198 cum
1195 1154 1308 1198 aere
1357 1151 1406 1198 et
1444 1150 1738 1199 fulminibus
1778 1143 1877 1217 (H)

178 1225 467 1286 cohaerent,
506 1226 644 1273 venti
683 1217 777 1292 (V)
825 1241 937 1273 cum
982 1228 1146 1273 terrae
1189 1227 1329 1273 motu
1366 1226 1528 1274 ventis
1568 1226 1702 1273 facto
1743 1217 1879 1292 (VI),

180 1302 399 1348 cometae
439 1292 585 1366 (VII)
626 1315 737 1347 cum
783 1300 869 1360 iis,
916 1315 1043 1361 quae
1084 1301 1139 1347 in
1179 1300 1314 1347 caelo
1356 1301 1600 1361 apparent
1640 1292 1879 1366 (1).οἠ-

180 1391 275 1436 que
314 1374 605 1422 sollemnem
643 1374 800 1422 totius
840 1373 1134 1436 disciplinae
1168 1373 1391 1422 ordinem
1430 1374 1632 1422 turbare
1663 1374 1880 1422 noluisse

178 1464 338 1511 neque
391 1448 650 1496 turbatum
704 1464 756 1497 se
810 1450 951 1511 sequi
1002 1450 1111 1510 ipse
1167 1448 1353 1496 Seneca
1404 1450 1641 1496 testatur:
1693 1447 1747 1496 H
1773 1451 1820 1510 1,
1849 1450 1877 1496 1

180 1525 336 1572 omnis
360 1524 419 1571 de
441 1525 670 1571 universo
701 1525 916 1583 quaestio
940 1525 994 1571 in
1026 1523 1311 1571 caelestia
1334 1524 1617 1571 sublimia
1640 1526 1882 1571 terrena

180 1599 430 1647 dividitur.
485 1599 656 1658 prima
678 1613 807 1658 pars
837 1601 1072 1646 naturam
1101 1599 1318 1645 siderum
1349 1600 1596 1646 scrutatur
1622 1601 1665 1645 et
1693 1599 1881 1658 ‘magmi-

181 1673 398 1721 tadincm
438 1675 481 1720 et
515 1673 728 1731 formam
767 1674 954 1733 iynium
994 1710 1004 1719 .
1032 1710 1041 1719 .
1068 1709 1078 1719 .
1113 1665 1171 1739 (ξ
1203 1664 1259 1738 2)
1299 1672 1513 1720 secunda
1542 1687 1671 1732 pars
1708 1674 1885 1720 tractat

179 1749 306 1795 inter
357 1747 543 1794 caelum
593 1750 843 1806 terrasque
892 1748 1142 1795 versantia
1193 1784 1203 1793 .
1232 1784 1239 1792 .
1270 1784 1278 1793 .
1335 1748 1478 1794 tertia
1522 1745 1611 1794 illa
1647 1761 1777 1806 pars
1824 1747 1883 1794 de

182 1823 326 1882 aquis
372 1822 514 1869 terris
561 1822 776 1869 arbustis
821 1822 943 1868 satis
982 1823 1183 1881 quaerit.
1260 1820 1339 1867 his
1376 1821 1535 1884 igitur
1572 1819 1798 1883 partibus
1839 1821 1884 1868 si

181 1896 379 1944 libellos
420 1895 746 1959 assignamus,
785 1895 947 1957 prima
987 1897 1037 1943 et
1067 1896 1219 1943 tertia
1247 1894 1406 1956 binos,
1437 1895 1602 1943 media
1632 1894 1708 1944 bis
1739 1894 1882 1943 binos

182 1971 424 2019 continet:

466 2059 546 2107 HI
584 2059 695 2107 IVa
846 2058 956 2106 IVb
995 2059 1070 2120 ΙΙ,
1131 2059 1178 2105 V
1216 2058 1290 2106 VI
1440 2058 1540 2106 VH
1575 2058 1603 2106 Ι

851 2133 1286 2160 ὶ-Ἆμ--κ
1441 2138 1609 2159 ψ

480 2182 680 2227 terrena
943 2178 1178 2226 sublimia
1410 2178 1658 2226 caelestia.

296 2269 534 2317 Maluisse
587 2284 704 2316 vero
756 2266 993 2316 Senecam
1040 2267 1350 2331 singularum
1393 2268 1613 2330 partium
1661 2266 1884 2315 ordinem

183 2344 432 2391 invertere
481 2358 631 2404 quam
675 2345 896 2405 repetere
937 2342 1076 2390 Diels
1116 2342 1302 2404 optime
1350 2343 1624 2404 perspexit,
1664 2339 1883 2389 Gunder-

185 2433 338 2465 mann
392 2421 442 2465 et
486 2417 652 2465 Allers
706 2417 895 2464 frustra
952 2419 1260 2480 negaverunt
1309 2408 1474 2483 (Stud.
1514 2416 1541 2464 I
1588 2410 1881 2480 111.124).

185 2508 346 2554 neque
376 2491 430 2539 in
462 2507 520 2540 ea
550 2508 604 2540 re
633 2490 939 2553 offendimus,
965 2491 1099 2553 quod
1128 2491 1246 2539 talis
1274 2490 1485 2552 scriptor
1509 2490 1885 2552 dispositionem

188 2567 442 2615 doctrinae
487 2566 650 2615 medio
697 2566 907 2614 inseruit
954 2565 1114 2628 operi,
1153 2566 1258 2614 sine
1299 2564 1448 2612 dubio
1488 2580 1587 2613 non
1626 2566 1884 2612 auctorum

188 2640 352 2689 studio
393 2641 570 2688 ductus
610 2641 695 2688 sed
734 2639 957 2689 artificiis
998 2639 1309 2703 dialogorum
1347 2654 1489 2700 usus,
1528 2655 1589 2687 ne
1627 2639 1679 2685 in
1718 2641 1885 2685 mente

189 2714 389 2777 quidem
434 2715 633 2764 videtur
677 2715 805 2762 hanc
851 2713 1130 2778 generalem
1174 2729 1343 2761 rerum
1389 2712 1682 2761 divisionem
1730 2711 1884 2759 habu-

311 2873 353 2927 1)
387 2870 453 2916 Cf.
489 2871 632 2915 etiam
664 2870 1018 2915 altercationem
1047 2869 1070 2913 Ι
1095 2874 1137 2923 1,
1162 2875 1186 2913 2
1221 2885 1326 2914 cum
1358 2870 1444 2914 VII
1468 2875 1538 2925 27,
1566 2875 1604 2913 1.
