1988 3138
183 157 255 210 84
414 175 438 179 -*
718 157 766 199 L.
800 156 887 199 AN
888 156 931 198 N
933 155 1036 199 AEI
1068 155 1342 199 SENECAE

183 282 237 333 at
298 279 492 332 teneris
556 281 609 331 et
667 277 960 330 rarioribus
1014 277 1207 345 parcit,
1264 295 1587 346 quamquam
1649 276 1878 328 flammis

183 357 449 423 oportuna
478 352 772 419 videantur,
807 352 935 419 quia
973 352 1200 404 transitu
1239 354 1455 420 patente
1487 351 1682 404 minus
1703 351 1878 403 saevit.

180 428 374 481 loculis
425 428 609 495 itaque
660 427 882 496 integris
892 468 906 493 ‚
952 429 1014 478 ut
1053 426 1187 493 dixi,
1236 426 1487 494 pecunia,
1527 443 1663 493 quae
1703 425 1760 476 in
1797 424 1880 476 his

181 503 308 569 fuit,
356 501 586 554 conflata
622 501 900 569 reperitur,
941 500 1068 568 quia
1106 500 1246 569 ignis
1286 500 1630 552 tenuissimus
1669 517 1766 567 per
1803 499 1880 551 fo-

180 577 388 630 ramina
439 577 650 628 occulta
699 575 1035 642 transcurrit,
1088 574 1351 642 quicquid
1391 577 1568 626 autem
1621 574 1677 625 in
1727 573 1845 647 tione:
1848 592 1878 624 0
1929 595 1947 625 5

183 651 415 704 solidum
454 650 661 703 invenit
699 652 752 702 et
791 652 1095 717 contumax,
1134 649 1314 700 vincit.
1392 667 1503 700 non
1539 666 1648 700 uno
1689 651 1882 714 autem,

181 729 243 778 ut
283 725 408 792 dixi,
447 724 608 777 modo
650 724 831 791 saevit,
872 723 965 776 sed
1007 723 1138 790 quid
1178 740 1420 791 quaeque
1457 723 1538 774 vis
1577 722 1777 790 fecerit,
1818 740 1882 774 ex

182 800 299 869 ipso
326 818 518 869 genere
542 799 766 851 iniuriae
791 798 1065 868 intelleges
1090 800 1143 850 et
1165 797 1371 850 fulmen
1396 815 1555 865 opere
1579 814 1881 866 cognosces.

182 874 450 927 interdum
489 874 547 925 in
582 873 762 925 eadem
805 873 1028 924 materia
1066 873 1237 924 multa
1269 871 1476 923 diversa
1507 870 1742 923 eiusdem
1782 870 1883 922 ful-

182 949 343 1001 minis
383 948 464 1000 vis
504 948 648 1014 facit,
689 947 828 999 sicut
867 947 923 998 in
963 947 1152 998 arbore
1185 946 1329 1014 quod
1362 945 1720 997 aridissimum
1760 945 1883 1011 urit,
1909 966 1951 997 ιο

185 1022 329 1091 quod
354 1022 698 1074 durissimum
725 1025 778 1074 et
802 1021 1186 1073 solidissimum
1212 1023 1306 1087 est,
1330 1020 1563 1072 terebrat
1587 1022 1640 1071 et
1669 1019 1884 1088 frangit,

185 1115 423 1150 summos
479 1097 703 1149 cortices
759 1096 1004 1164 dissipat,
1051 1095 1329 1147 interiores
1377 1095 1543 1146 libros
1600 1093 1680 1162 [in
1733 1096 1884 1161 parte

185 1171 430 1224 interiori
469 1170 697 1239 arboris]
736 1171 940 1238 rumpit
980 1187 1041 1222 ac
1080 1169 1289 1236 scindit,
1339 1169 1472 1221 folia
1509 1167 1786 1236 pertundit
1824 1185 1885 1218 ac

186 1246 417 1316 stringit.
495 1245 680 1296 vinum
722 1246 880 1314 gelat,
920 1245 1120 1297 ferrum
1161 1246 1215 1296 et
1253 1262 1340 1296 aes
1380 1242 1570 1295 fundit.

238 1358 240 1360 -
300 1321 384 1373 53.
425 1318 568 1371 Illud
608 1322 689 1372 est
726 1319 937 1385 mirum,
971 1318 1115 1386 quod
1145 1318 1330 1369 vinum
1370 1317 1595 1369 fulmine
1636 1317 1886 1386 gelatum,
1914 1337 1952 1367 15

189 1413 310 1447 curn
363 1395 428 1446 ad
478 1394 711 1462 priorem
761 1393 1007 1445 habitum
1058 1392 1219 1460 redit,
1257 1395 1445 1460 potum
1488 1394 1580 1443 aut
1619 1390 1887 1443 exanimat

189 1472 281 1521 aut
320 1469 589 1522 dementes
640 1468 783 1520 facit.
863 1486 1024 1535 quare
1075 1466 1130 1518 id
1182 1466 1386 1518 accidat
1427 1465 1703 1533 quaerenti
1752 1464 1886 1516 mihi

139 1562 144 1569 ·
189 1543 324 1596 illud
364 1543 616 1596 occurrit:
673 1543 812 1595 inest
849 1542 931 1593 vis
970 1541 1185 1593 fulmini
1225 1541 1500 1609 pestifera3
1547 1558 1612 1592 ex
1650 1540 1755 1591 hoc
1794 1540 1886 1590 ali-

191 1636 349 1686 quem
399 1636 673 1670 remanere
721 1617 969 1685 spiritum
1019 1616 1076 1667 in
1122 1633 1184 1668 eo
1232 1633 1440 1682 umore,
1494 1632 1654 1682 quem
1711 1614 1888 1683 coegit

191 1692 613 1762 congelavitque‚
632 1692 805 1744 simile
821 1691 934 1743 veri
958 1693 1060 1759 est3
1084 1707 1183 1742 nec
1208 1690 1349 1742 enim
1375 1689 1585 1759 alligari
1608 1688 1886 1757 potuisset,
1913 1708 1954 1739 ρο

189 1767 294 1819 nisi
349 1766 567 1834 aliquod
621 1766 702 1817 illi
758 1768 897 1818 esset
950 1764 1190 1816 additum
1245 1764 1533 1816 vinculum,
1615 1765 1888 1831 praeterea

190 1841 296 1894 olei
336 1859 553 1909 quoque
586 1844 640 1893 et
671 1840 844 1892 omnis
875 1839 1136 1909 unguenti
1168 1841 1336 1891 taeter
1365 1841 1490 1906 post
1520 1837 1739 1890 fulmen·
1757 1836 1889 1888 odor

192 1918 292 1968 est:
344 1933 419 1968 ex·
449 1933 554 1983 quo
596 1917 816 1983 apparet
855 1914 1026 1966 inesse
1069 1913 1335 1981 quandam
1385 1912 1734 1964 subtilissimo
1756 1911 1887 1980 ,igni

192 1992 245 2043 et
277 1992 462 2042 contra
493 1992 735 2041 naturam
770 1991 887 2041 acto
920 1988 1257 2056 pestilentem
1290 1987 1602 2055 potentiam,
1637 2004 1741 2053 qua
1779 2003 1889 2037 non

309 2140 331 2177 1
364 2137 414 2180 at
444 2136 498 2193 B]
531 2148 587 2179 ac
615 2137 719 2178 ΛΦ
747 2135 751 2186 Ι
782 2135 829 2178 et
858 2135 968 2192 ran]
1001 2132 1347 2188 rarioribusque
1372 2135 1412 2176 Δ
1438 2134 1452 2189 Ι]
1477 2137 1504 2175 2
1537 2133 1767 2188 oportuna
1791 2132 1888 2187 ple-

189 2195 318 2251 rique
349 2194 477 2239 codd.
514 2195 520 2251 ]
557 2194 705 2237 saevit
728 2194 975 2251 Erasmus]
1007 2194 1140 2236 uenit
1170 2194 1287 2238 trad.
1322 2191 1615 2235 obstaculum
1646 2190 1829 2233 inuenit
1853 2194 1887 2232 E

189 2255 267 2299 sed
283 2255 340 2309 cf.
357 2255 383 2298 l.
401 2258 444 2309 7,
467 2253 564 2297 urit
581 2254 718 2298 Kroll
740 2255 753 2310 ΙΙ
778 2258 804 2296 3
828 2256 882 2297 ut
899 2252 1014 2311 dixi]
1041 2267 1099 2297 sc.
1117 2254 1181 2296 II
1192 2257 1264 2306 31,
1281 2257 1321 2296 1.
1347 2254 1401 2295 ut
1426 2252 1469 2297 d.
1487 2250 1684 2307 integris
1705 2251 1802 2294 coll.
1817 2252 1856 2292 Δ
1875 2251 1888 2304 11

190 2318 219 2356 4
235 2313 347 2372 fuit]
371 2313 528 2357 fuerat
543 2317 613 2357 Βε
634 2316 639 2369 1
660 2312 845 2357 occulta
867 2312 1100 2356 foramina
1115 2314 1210 2357 coll.
1230 2314 1270 2355 Δ
1288 2313 1302 2368 Ι]
1320 2316 1344 2354 5
1365 2311 1542 2368 autem]
1561 2312 1609 2353 et
1624 2313 1675 2363 A,
1701 2309 1889 2352 aedium

190 2373 358 2418 Schult.
387 2374 393 2429 1
421 2372 576 2430 tigno]
599 2372 729 2430 ligno
748 2373 882 2417 Gertz
905 2374 918 2429 Η
943 2376 969 2415 6
987 2373 1054 2430 et]
1078 2373 1132 2415 ut
1148 2374 1188 2415 A
1215 2373 1228 2427 Ι]
1245 2377 1269 2414 ’1
1287 2372 1343 2414 ut
1359 2370 1477 2428 dixi]
1495 2372 1635 2426 1183,
1649 2373 1708 2412 19
1729 2371 1733 2424 Ι
1754 2368 1883 2424 quid]

190 2447 274 2476 om.
308 2435 348 2476 A
397 2433 411 2489 ΙΙ
459 2437 484 2474 8
516 2445 688 2489 genere
718 2432 940 2490 iniuriae]
973 2445 1055 2475 om.
1083 2434 1122 2474 A
1161 2434 1165 2487 Ι
1200 2430 1446 2487 intelleges
1482 2430 1582 2487 Ga]
1615 2427 1842 2484 intelligis
1881 2431 1885 2482 ί

191 2492 463 2549 cognosces]
505 2491 747 2548 cognoscis
778 2494 864 2534 ΔΕ
908 2493 922 2547 ΙΙ
964 2496 994 2534 9
1023 2491 1096 2534 uis
1128 2490 1470 2542 fulminiscoll.
1504 2492 1621 2532 ΔεΕ
1668 2488 1681 2543 ΙΙ
1727 2491 1773 2529 11
1805 2487 1886 2530 sol.

192 2553 240 2595 et
271 2551 369 2594 dur.
405 2554 476 2595 est
508 2553 598 2607 (est
627 2565 711 2595 om.
733 2553 821 2607 Βε)
853 2551 950 2595 coll.
977 2553 1017 2594 A
1055 2552 1060 2607 1
1094 2551 1200 2608 ten]
1234 2550 1451 2593 tenebrat
1481 2552 1514 2590 B
1560 2546 1743 2591 terebat
1775 2551 1843 2590 εο
1874 2548 1888 2602 Ι]

191 2615 243 2653 12
275 2610 325 2653 111
355 2637 416 2642 -
446 2614 496 2653 13
519 2610 708 2654 ‘arboris
740 2611 823 2654 del.
855 2610 1130 2667 Opsopoeus]
1164 2609 1213 2652 in
1245 2624 1289 2666 p.
1316 2608 1399 2651 int.
1433 2608 1517 2652 del.
1547 2607 1851 2661 Gothofredus
1875 2607 1888 2661 ΙΙ

191 2674 242 2712 13
267 2669 490 2712 interiori·
509 2670 609 2728 Ge]
634 2669 870 2714 interioris
899 2672 903 2726 Ι
932 2669 1131 2727 arboris]
1156 2683 1241 2713 om.
1265 2672 1336 2711 ΡΖ
1368 2669 1382 2724 Ι]
1413 2671 1465 2709 14
1488 2666 1671 2724 uinum]
1695 2665 1889 2708 humum

192 2731 282 2772 ΔΚ
335 2731 339 2785 Ι
390 2731 503 2785 (3,)οε
543 2729 721 2787 fundit]
761 2728 962 2773 effundit
1000 2732 1076 2771 BP
1126 2730 1139 2785 ΙΙ
1189 2733 1239 2770 17
1279 2727 1349 2785 1(1]
1389 2726 1509 2769 illud
1548 2728 1588 2769 A
1632 2727 1638 2782 Ι
1683 2724 1885 2781 accidat]

191 2788 286 2832 -dit
310 2793 376 2832 εΟ
410 2790 424 2845 Ι]
455 2793 506 2830 18
531 2789 673 2847 inest]
706 2788 816 2831 inde
842 2790 913 2831 est
936 2790 971 2831 λ
1008 2791 1012 2843 Ι
1047 2787 1235 2830 fulmini
1265 2786 1339 2830 uis
1363 2786 1460 2830 coll.
1485 2787 1524 2829 δ’
1555 2786 1570 2842 ΙΙ
1597 2789 1652 2827 21
1676 2783 1883 2840 aliquod]

193 2847 376 2904 aliquid
407 2852 435 2890 J
442 2847 545 2890 1ΚΡ
583 2850 597 2904 ΙΙ
629 2853 687 2891 22
720 2847 831 2905 0101]
865 2847 960 2891 olet
994 2850 1047 2890 Φ
1091 2846 1209 2891 solet
1239 2847 1343 2889 1¹1(r
1371 2847 1376 2902 Ι
1409 2844 1659 2903 unguenti]
1691 2843 1888 2901 ungenti

193 2911 314 2949 HLZ
351 2906 540 2964 uingflti
563 2912 598 2949 P
628 2909 643 2964 ΙΙ
673 2912 732 2950 24
762 2907 1063 2964 pestilentem
1087 2907 1231 2964 ΔλΖ]
1270 2904 1574 2962 pestilentam
1596 2908 1642 2945 P>
1662 2902 1887 2959 pestilen-

193 2966 312 3009 tiam
345 2971 375 3009 0
422 2966 569 3022 pestis
601 2966 779 3010 lentam
811 2966 856 3023 (l.
889 2981 934 3022 p.
969 2968 1022 3023 Ε)
1054 2967 1100 3010 θ
1135 2968 1140 3022 Ι
1176 2967 1289 3023 qua]
1321 2978 1413 3020 quo
1447 2966 1486 3007 A
1558 2986 1562 2991 ·
1635 2985 1640 2988 ·
1768 2986 1771 2988 ·
