1988 3138
157 114 303 160 XLIV
838 114 1178 160 PRAEFATIO

159 241 223 288 M.
252 240 320 288 Ol.
358 239 504 288 Gertz
545 242 897 289 emendationes
935 241 1244 290 Annaeanae
1289 243 1343 289 in
1380 242 1639 303 Me'lanyes
1681 242 1857 291 Graux

307 332 354 377 p.
383 316 486 362 353
531 308 696 381 (Paris
739 309 906 381 1884)

159 389 204 438 J.
231 389 309 436 Fr.
338 387 576 437 Gronovii
613 393 756 437 notae
793 392 847 437 r'n
886 390 946 438 L.
986 389 1119 438 Arm.
1159 389 1269 438 Sen.
1309 395 1407 439 nat.
1453 391 1642 452 Quaest.
1684 431 1692 438 .
1730 429 1739 438 .
1781 392 1855 440 ed.

307 463 519 511 Fickert.
562 463 765 513 Vratisl.
810 465 965 512 1846.
1007 466 1076 512 48

162 536 217 586 G.
268 536 621 585 Gundermann
675 539 752 586 die
806 539 1074 598 Buchfolye
1126 541 1181 586 in
1233 538 1342 586 Sen.
1397 543 1496 587 nat.
1555 539 1746 600 Quaest.
1803 540 1857 588 in

310 612 543 660 Fleckeis.
568 612 743 660 Jahrb.
789 614 909 675 141,
936 614 1038 661 351
1085 606 1279 679 (1890)

157 687 212 734 F.
238 686 403 735 Haase
444 687 691 734 animadv.
725 688 791 735 ad
820 686 929 736 Sen.
964 688 1109 735 libros
1143 725 1152 734 .
1180 725 1189 734 .
1223 688 1280 735 de
1318 691 1418 735 nat.
1454 688 1642 748 Quaest.
1682 690 1736 736 in
1775 689 1855 736 In-

308 760 413 808 dice
453 761 721 808 lectionum
762 762 966 809 Vratisl.
1013 756 1244 825 1859s60

162 833 212 882 O.
245 835 429 883 Hosius
476 835 716 883 Lucanas
761 837 865 883 und
910 835 1091 884 Seneca
1135 836 1189 883 in
1235 836 1466 884 Fleckeis.
1515 836 1689 884 Jahrb.
1736 839 1858 900 145,

312 911 414 957 337
458 903 652 975 (1892)

159 983 256 1031 Εὖ
259 999 379 1032 onas
396 985 454 1031 cle
471 985 641 1032 ordine
657 985 892 1032 librorum
905 985 965 1032 L.
977 984 1110 1032 Ann.
1124 984 1233 1032 Sen.
1253 985 1366 1033 diss.
1384 985 1546 1033 Berol.
1567 986 1710 1034 1870
1726 1002 1774 1048 p.
1789 989 1854 1036 55

161 1058 215 1107 G.
244 1058 304 1105 D.
329 1058 482 1106 Koler
520 1059 580 1105 L.
606 1056 739 1106 Ann.
763 1058 874 1107 Sen.
907 1062 1004 1107 nat.
1042 1059 1230 1120 Quaest.
1272 1061 1419 1107 libros
1457 1064 1633 1120 septem
1671 1075 1856 1121 recoyn.

311 1148 394 1180 ern.
437 1136 578 1192 atque
617 1147 781 1181 comm.
814 1138 1048 1193 perpetuo
1087 1133 1261 1182 illustr.
1340 1132 1610 1198 Gottingae
1653 1135 1795 1183 1819

162 1207 218 1254 Β.
245 1207 452 1254 Larisch
493 1206 696 1255 cleSen.
737 1212 836 1255 nat.
882 1208 1070 1268 Quaest.
1113 1209 1269 1256 codice
1308 1209 1447 1256 Leia.
1491 1209 1624 1257 Voss.
1659 1209 1775 1270 (51³9)
1817 1213 1860 1258 et

308 1282 422 1329 locis
467 1282 660 1329 illorum
712 1283 815 1329 libr.
866 1297 898 1329 a
947 1283 1194 1331 Vincentio
1250 1283 1373 1330 Bell.
1431 1285 1682 1344 eaecerptis,
1742 1284 1856 1332 diss.

307 1355 512 1403 Vratisl.
558 1356 698 1403 1865

160 1456 230 1464 --
272 1430 502 1490 Beitra'ye
544 1468 590 1476 ..
631 1430 951 1494 Programme
987 1430 1151 1494 Sagan
1192 1431 1350 1491 1870,
1389 1431 1672 1479 Patschkau
1699 1431 1857 1480 1874.

312 1505 450 1553 1879
496 1498 621 1571 (var.
661 1505 772 1553 lect.
814 1505 876 1552 ad
914 1505 1067 1553 I—II
1093 1499 1187 1570 26)

157 1579 209 1627 P.
250 1578 407 1640 Lejay
462 1581 514 1626 in
568 1582 842 1627 recensione
902 1579 1192 1628 Studiorum
1246 1596 1468 1627 meorum
1528 1580 1751 1642 priorum
1805 1581 1858 1628 in

307 1654 472 1700 Rev-ue
512 1655 710 1713 critique
750 1655 967 1715 44,195
1011 1648 1175 1720 (Paris
1219 1648 1386 1721 1897)

158 1728 218 1775 H.
255 1727 304 1775 O.
337 1727 596 1775 Michaelis
649 1733 790 1776 notae
845 1730 911 1776 ad
956 1729 1016 1776 L.
1073 1727 1205 1777 Ann.
1260 1728 1370 1776 Sen.
1416 1733 1515 1778 nat.
1567 1729 1755 1790 Quaest.
1803 1731 1858 1776 in

306 1803 477 1850 Philol.
518 1802 643 1850 vm
668 1804 791 1863 445,
831 1803 902 1850 IX
928 1804 1034 1851 324
1077 1796 1360 1870 (1853]54)

160 1875 401 1940 Georgius
441 1877 622 1924 Miiller
661 1878 718 1925 cle
757 1878 817 1924 L.
850 1876 981 1925 Ann.
1014 1877 1124 1925 Sen.
1160 1877 1530 1938 Quaestionr‘bas
1561 1881 1662 1925 nat.
1741 1878 1856 1926 diss

306 1951 511 1999 Bonnae
554 1951 694 1999 1886

160 2025 358 2073 Johann
386 2026 566 2073 Mffller
605 2027 724 2073 iiber
755 2027 835 2074 dr'e
872 2025 1185 2099 Oriyinalita’t
1215 2028 1257 2074 cI.
1292 2030 1390 2074 nat.
1428 2027 1618 2088 Quaest.
1649 2026 1857 2075 Senecas

306 2101 359 2146 in
390 2100 637 2161 Festyrass
677 2115 769 2148 aus
807 2101 1086 2149 Innsbruck
1128 2102 1269 2149 1893

159 2201 227 2206 —
269 2175 375 2222 krc't.
416 2174 621 2222 Studien
667 2189 705 2223 e.
755 2175 801 2222 cl.
847 2178 946 2223 nat.
1001 2175 1190 2234 Quaest.
1243 2175 1449 2224 Senecas
1494 2177 1545 2223 in
1584 2175 1854 2225 Sita—Ber.

308 2249 352 2297 d.
393 2247 552 2296 Akad.
594 2251 648 2296 in
682 2250 824 2298 Wien
866 2248 1040 2296 CXXX
1081 2250 1261 2307 (1894)
1302 2250 1377 2297 III

160 2322 221 2370 A.
247 2323 474 2387 Nehring
513 2324 630 2370 iiber
668 2325 745 2370 die
780 2325 1105 2384 yeoloyischen
1143 2323 1540 2385 Anschauanyen
1578 2325 1662 2372 des
1695 2324 1855 2372 Philo—

306 2398 484 2456 sophcn
522 2396 717 2445 Seneca.
796 2397 1159 2446 Wolfenbiittel
1205 2399 1358 2446 1873.
1403 2399 1542 2447 1876

165 2497 224 2503 -
268 2472 387 2518 aber
411 2472 488 2519 die
515 2471 832 2532 Oriyz'nalita't
853 2487 947 2519 von
969 2471 1175 2520 Senecas
1206 2476 1305 2520 nat.
1334 2473 1522 2534 Quaest.
1547 2472 1598 2519 in
1622 2473 1852 2520 Fleckeis,

307 2545 483 2593 Jahrb.
528 2547 648 2608 147,
677 2547 780 2593 718
822 2539 1016 2612 (1893)

159 2618 215 2667 Ο.
247 2619 501 2667 Rossbach
545 2621 598 2667 in
638 2622 910 2668 recensione
950 2619 1241 2668 Studiorum
1279 2637 1499 2669 meorum
1539 2621 1757 2682 priorum
1800 2620 1854 2667 in

305 2694 440 2742 Berl.
473 2695 596 2753 phil.
633 2695 874 2744 chschr.
921 2696 1077 2756 1897,
1122 2696 1225 2743 105

156 2767 210 2814 F.
238 2766 490 2816 Schultess
515 2769 572 2815 de
595 2767 704 2817 Sen.
733 2769 923 2829 Quaest.
947 2772 1047 2816 nat.
1075 2772 1118 2816 et
1141 2771 1270 2830 epist.
1314 2769 1427 2817 diss.
1459 2769 1664 2816 Bonnae
1692 2769 1850 2816 1872.

155 2867 229 2874 —-
268 2840 551 2889 Annaeana
597 2845 784 2898 studia,
828 2842 964 2891 Grat.
1005 2842 1138 2891 Schr.
1190 2845 1272 2891 des
1310 2844 1626 2903 Hamburyer
1663 2844 1853 2890 dohan-

302 2930 472 2965 newms
514 2916 671 2965 11888.
