1988 3138
56 555 110 595 11

57 1299 110 1337 12

151 122 256 174 122
414 175 448 181 -.⁷
681 122 732 166 L.
763 121 1001 166 ANNAEI
1032 121 1306 168 SENECAE

148 246 201 295 et
256 242 517 310 fistulosa,
568 243 747 310 qualia
805 246 930 295 sunt
980 262 1115 312 quae
1174 245 1392 297 duratus
1451 263 1608 297 umor
1661 245 1842 312 efficit,

144 318 332 386 utique
387 318 526 369 circa
578 317 963 370 medicatorum
1016 318 1249 370 fontium
1301 319 1461 387 rivos,
1517 318 1701 388 [quae]
1747 320 1842 372 ubi

146 395 501 461 purgamenta
551 409 809 458 aquarum
861 392 1178 444 coaluerunt
1227 396 1281 445 et
1331 412 1521 462 spuma
1561 395 1842 446 solidatur:

145 467 445 519 necessario
485 465 602 518 leve
642 468 736 532 est,
788 466 933 534 quod
972 484 1037 518 ex
1075 470 1299 520 ventoso
1340 468 1593 536 inanique
1633 485 1843 520 concre-

144 543 260 592 tum
310 543 404 592 est.
483 540 817 608 quorundam
863 558 1021 593 causa
1069 559 1180 593 non
1229 544 1408 610 potest
1453 542 1624 594 reddi:
1681 561 1842 610 quare

145 633 283 682 aqua
313 613 552 667 Nilotica
590 614 925 667 fecundiores
964 615 1190 668 feminas
1229 616 1406 684 faciat,
1446 617 1574 668 adeo
1615 619 1676 668 ut
1717 635 1843 684 qua-

144 690 371 741 rundam
410 689 614 742 viscera
658 690 823 758 longa
871 689 1150 742 sterilitate
1201 691 1478 759 praeclusa
1518 690 1580 742 ad
1622 708 1843 759 concep-

145 766 261 815 tum
299 764 638 833 relaxaverit3
697 782 859 832 quare
899 764 1157 830 quaedam
1208 765 1266 816 in
1303 764 1468 832 Lycia
1515 783 1682 833 aquae
1722 783 1843 818 con-

145 841 360 907 ceptum
399 838 720 890 feminarum
753 838 1070 906 custodiant,
1110 856 1241 906 quas
1282 840 1457 891 solent
1495 842 1690 907 petere,
1731 841 1843 908 qui-

142 912 242 965 bus
282 931 471 981 parum
511 915 672 964 tenax
702 912 863 964 vulva
894 915 984 965 est.
1050 913 1193 981 quod
1225 913 1292 965 ad
1330 931 1415 965 me
1454 915 1661 981 attinet,
1698 924 1841 982 pono

144 988 247 1039 ista
286 988 426 1038 inter
456 989 655 1039 temere
687 986 918 1057 vulgata.
982 987 1244 1039 creditum
1275 990 1356 1039 est
1389 988 1644 1055 quasdam
1677 1006 1841 1056 aquas

145 1061 377 1114 scabiem
418 1061 604 1114 afferre
644 1061 972 1130 corporibus,
1004 1062 1260 1130 quasdam
1283 1062 1697 1137 vitiliyinem--et
1734 1063 1842 1115 foe-

146 1211 290 1294 quod
326 1210 518 1262 vitium
561 1210 746 1263 dicunt
795 1178 990 1262 habere
1031 1229 1222 1278 aquam
1264 1229 1330 1262 ex
1377 1229 1496 1263 rore
1548 1211 1839 1263 collectam.

145 1286 263 1353 quis
304 1303 414 1337 non
453 1285 795 1354 gravissimas
836 1303 950 1336 esse
991 1303 1154 1353 aquas
1195 1286 1398 1353 credat,
1446 1303 1580 1352 quae
1632 1286 1689 1337 in
1728 1304 1840 1354 cry-

144 1359 361 1411 stallum
414 1359 643 1411 coeunt‘?
721 1362 906 1412 contra
957 1362 1134 1411 autem
1175 1363 1276 1412 est:
1331 1360 1659 1412 tenuissimis
1701 1360 1843 1412 enim

143 1433 245 1486 hoc
286 1434 477 1497 evenit,
529 1451 660 1502 quas
700 1435 871 1504 frigus
914 1434 980 1486 ob
1022 1434 1194 1502 ipsam
1234 1435 1548 1486 tenuitatem
1589 1434 1842 1486 facillime

144 1509 299 1578 gelat.
378 1475 518 1560 unde
559 1511 737 1560 autem
788 1509 884 1560 fiat
923 1508 1186 1560 eiusmodi
1224 1509 1377 1577 lapis,
1429 1508 1571 1576 apud
1611 1507 1841 1562 Graecos

143 1601 208 1634 ex
259 1583 377 1652 ipso
428 1583 647 1635 nomine
697 1586 939 1652 apparet:
994 1582 1340 1652 κρύσταλλον
1380 1584 1522 1635 6111111
1570 1582 1843 1652 appellant

143 1676 309 1726 aeque
349 1657 493 1709 hunc
530 1657 867 1726 perlucidum
918 1656 1151 1725 lapidem
1193 1675 1354 1725 quam
1403 1657 1552 1709 illam
1600 1659 1841 1727 glaciem,

144 1750 209 1783 ex
248 1750 353 1800 qua
390 1732 508 1783 fieri
547 1731 684 1800 lapis
725 1732 969 1784 creditur.
1047 1750 1185 1799 aqua
1225 1733 1367 1783 enim
1408 1731 1647 1784 caelestis
1686 1733 1841 1784 mini-

143 1825 292 1858 mum
331 1806 389 1858 in
428 1824 482 1858 se
521 1807 718 1858 terreni
756 1806 956 1859 habens
998 1824 1118 1858 cum
1159 1806 1414 1874 induruit,
1452 1807 1711 1876 longioris
1751 1806 1841 1858 fri-

144 1881 288 1950 goris
327 1881 621 1950 pertinacia
661 1881 921 1949 spissatur
959 1881 1130 1949 magis
1173 1898 1233 1933 ac
1264 1880 1452 1951 magis,
1494 1881 1661 1934 donec
1695 1881 1841 1933 omni

144 1959 262 2007 aere
310 1955 523 2007 excluso
577 1956 634 2006 in
680 1973 736 2007 se
786 1957 902 2006 tota
950 1973 1255 2023 compressa
1301 1958 1382 2007 est
1433 1957 1486 2006 et
1531 1973 1701 2023 umor,
1749 1957 1840 2023 qui

141 2030 330 2097 fuerat,
369 2029 505 2098 lapis
547 2029 764 2081 effectus
806 2032 897 2081 est.

255 2103 339 2156 26.
394 2105 615 2156 Aestate
667 2103 926 2171 quaedam
977 2103 1201 2155 flumina
1251 2106 1515 2173 augentur
1565 2106 1627 2155 ut
1665 2102 1839 2172 Nilus,

144 2177 293 2231 cuius
334 2178 465 2230 alias
505 2178 643 2230 ratio
683 2177 946 2230 reddetur.
1010 2176 1495 2246 Theophrastus
1528 2181 1609 2229 est
1641 2182 1839 2246 auctor,

261 2359 316 2397 27
357 2355 711 2410 Theophrastus.-
739 2355 860 2398 inter
887 2354 1148 2412 fraymenta
1178 2354 1249 2398 W.
1283 2354 1413 2398 deest.

261 2522 288 2560 2
313 2518 488 2575 qu(a)e]
514 2519 597 2562 del.
627 2518 704 2562 Ge.
739 2531 882 2574 quare
905 2517 1079 2571 Haase,
1105 2517 1347 2577 <stag-na>
1371 2517 1590 2573 riuosque
1614 2517 1802 2561 Skutsch
1826 2521 1839 2573 Η

142 2581 168 2619 3
216 2576 490 2620 coaluerunt
534 2578 687 2635 vulyo]
740 2577 1002 2620 colluerunt
1043 2578 1057 2633 ΙΙ
1101 2582 1126 2619 8
1170 2576 1333 2634 Lycia]
1380 2576 1491 2620 licia
1530 2579 1582 2620 Φ
1632 2578 1636 2633 Ι
1687 2589 1838 2633 aquae

143 2671 152 2680 .
187 2672 195 2680 .
238 2641 265 2678 9
307 2637 594 2694 custodiant]
648 2650 771 2693 aqua
812 2671 821 2680 .
857 2672 866 2681 .
908 2636 1179 2680 custodiunt
1224 2638 1255 2679 λ
1278 2638 1332 2694 (Ῥ)
1387 2638 1401 2692 ΙΙ
1454 2641 1506 2679 12
1551 2634 1838 2692 uitiliginem

139 2695 294 2754 vulyo]
326 2695 629 2753 uituliginem
653 2701 684 2738 Τ
715 2695 825 2739 uitii
856 2695 1008 2753 (uiciis
1040 2697 1075 2739 λ
1094 2697 1130 2751 ¹3)
1151 2695 1316 2763 legem
1351 2697 1403 2738 Φ
1433 2709 1515 2739 om.
1542 2700 1577 2736 Ε
1610 2697 1622 2751 Η
1654 2700 1704 2737 13
1739 2696 1837 2739 siue

139 2755 206 2813 p.]
248 2768 329 2798 seu
367 2770 411 2811 p.
445 2755 639 2800 Skutsch
675 2757 689 2813 ΙΙ
727 2759 778 2797 15
823 2756 974 2813 grau]
1019 2754 1330 2798 crassissimas
1367 2754 1501 2799 Gertz
1540 2756 1552 2810 ΙΙ
1591 2755 1718 2812 15s19
1751 2755 1838 2798 cri-

143 2813 334 2858 stallum
372 2815 441 2858 bz‘s
477 2816 595 2859 trad.
637 2815 651 2871 ΙΙ
688 2819 739 2857 18
780 2815 899 2872 eius]
942 2814 1082 2857 huius
1114 2820 1146 2857 P
1192 2816 1206 2872 ΙΙ
1246 2819 1298 2857 21
1335 2813 1600 2872 minimum]
1642 2814 1838 2857 nimium

141 2875 304 2975 Z(2}ar.
339 2875 432 2918 leet.
466 2876 518 2918 i‘n
548 2876 638 2931 JK>
671 2875 684 2931 ΙΙ
717 2879 772 2917 27
808 2874 960 2919 alias.
989 2874 1263 2932 ‚reddetur]
1299 2875 1324 2918 l.
1349 2874 1471 2918 IVa
1503 2887 1600 2929 cap.
1627 2879 1651 2917 1
1691 2876 1694 2931 Ι
1731 2873 1835 2931 Th.]

141 2935 218 2976 teo
242 2934 394 2976 rastus
428 2935 463 2977 λ

1869 936 1910 967 10

1868 1306 1908 1338 15

1866 1679 1909 1710 20
1984 1650 1988 1678 1
