1988 3138
769 87 1113 134 PRAEFATIO
1640 86 1793 131 XXIX

92 222 351 283 praeterea
388 232 488 265 una
520 231 745 278 quaeque
784 217 969 279 pagina
1000 214 1181 263 menda
1211 216 1406 263 minora
1436 215 1586 262 huius
1618 214 1791 277 stirpis

92 292 311 358 praebet.
365 307 523 353 neque
562 291 742 338 mirum
775 292 865 350 est,
905 289 1037 352 quod
1067 290 1122 337 in
1152 282 1185 335 J
1189 282 1280 336 2Ιι2
1310 289 1520 338 lacunae
1553 289 1792 351 expletae,

93 367 275 418 menda
304 381 451 428 saepe
483 367 704 413 correcta
734 367 864 412 sunt.
926 363 1059 411 idem
1089 365 1143 410 in
1175 364 1288 411 aliis
1322 363 1571 412 codicibus
1603 364 1793 411 factum

93 458 199 492 esse
236 441 395 490 veluti
440 440 526 501 iis,
570 438 702 487 unde
739 432 781 486 P
827 440 879 486 et
918 433 956 485 'l'
1000 437 1239 500 descripti
1277 441 1406 500 sunt,
1448 437 1663 500 suspicio
1703 439 1792 498 est,

92 531 254 578 neque
291 530 409 563 vero
446 513 626 562 horum
664 513 772 561 fata
808 513 951 561 nobis
990 515 1105 560 ante
1146 512 1316 561 oeulos
1356 515 1633 573 versantur,
1672 527 1791 575 quo-

90 590 227 640 niam
276 588 416 650 libri,
464 589 551 650 qui
599 590 907 636 correcturas
957 588 1090 635 inter
1138 587 1296 635 lineas
1335 587 1415 635 vel
1465 587 1518 635 in
1567 586 1792 652 margine

90 663 363 724 habebant,
407 665 508 725 ipsi
551 663 820 725 perierunt.
895 655 961 710 L²
1006 664 1175 709 autem
1222 678 1247 709 e
1287 655 1321 708 Z
1371 663 1537 710 eiusve
1582 662 1792 726 gemello

89 739 303 803 pendere
349 753 481 786 nunc
527 737 865 800 probavimus,
912 736 972 784 de
1018 730 1051 783 J
1055 730 1075 761 ²
1119 739 1295 798 postea
1340 736 1632 798 videbimus,
1681 751 1793 784 eum

89 813 151 863 de
189 813 372 862 codicis
409 806 452 860 E
491 811 587 860 fide
626 811 1059 874 disputaverimus.

203 887 515 949 Exemplaris
546 885 579 935 λ
617 902 799 948 parum
835 885 996 934 fidelis
1034 886 1326 934 memoriam
1364 878 1429 933 L¹
1468 887 1654 947 optime
1694 901 1792 934 ser-

89 963 255 1023 vavit,
293 962 446 1025 paulo
495 961 657 1010 minus
704 954 736 1007 J
741 954 759 985 ¹
805 962 1008 1022 eiusque
1048 961 1288 1024 gemellus
1328 955 1374 1008 K
1414 961 1509 1008 etsi
1547 961 1796 1009 vetustior

88 1040 259 1086 tamen
282 1052 462 1100 parum
485 1035 754 1099 diligenter
778 1036 1007 1098 scriptus,
1039 1037 1253 1083 maxime
1275 1035 1498 1098 neglexit
1522 1028 1560 1083 O
1585 1035 1794 1082 minima

90 1126 214 1160 cura
259 1114 511 1170 exaratum
567 1110 859 1173 diligentius
905 1111 1184 1172 perscripta
1230 1112 1351 1159 sunt
1404 1113 1636 1172 excerpta
1692 1103 1791 1176 (M)

89 1202 250 1248 neque
290 1201 408 1234 vero
455 1201 486 1232 a
532 1186 812 1247 suspicione
856 1184 1260 1247 interpolationis
1306 1184 1478 1232 libera.
1556 1185 1678 1233 haec
1716 1201 1792 1232 re-

89 1262 260 1324 petere
298 1259 498 1325 singula
538 1274 671 1308 nunc
709 1275 807 1307 non
847 1275 1044 1308 necesse
1084 1258 1192 1308 erit.

0 1331 54 1385 θ’
203 1334 362 1397 Stirpi
392 1331 455 1395 θ,
494 1335 740 1397 imprimis
772 1333 930 1383 codici
959 1328 1021 1395 H,
1061 1349 1254 1382 summa
1285 1334 1405 1382 fides
1437 1333 1665 1382 habenda
1703 1337 1792 1383 est.

89 1412 259 1458 tamen
298 1426 359 1457 ne
397 1409 546 1459 huius
586 1408 787 1471 quidem
818 1409 1114 1471 exemplaris
1146 1411 1406 1457 contextus
1445 1410 1641 1473 integer
1679 1409 1792 1470 fuit,

89 1483 221 1532 unde
267 1484 387 1532 libri
430 1477 524 1531 EF
536 1476 631 1531 GH
678 1483 866 1545 aliique
914 1486 1064 1546 atque
1110 1483 1225 1532 inde
1277 1500 1308 1532 a
1357 1482 1436 1531 111
1473 1484 1557 1546 25,
1593 1484 1622 1531 6
1678 1483 1794 1531 libri

93 1558 337 1623 vulgares,
375 1573 500 1621 quos
531 1572 569 1622 η
601 1558 871 1618 nominavi,
911 1561 1191 1606 manarunt.
1253 1558 1307 1606 in
1345 1558 1621 1606 minoribus
1661 1559 1794 1605 enim

90 1648 260 1682 omnes
284 1633 434 1681 simul
455 1636 786 1694 peecaverunt
810 1635 861 1680 et
883 1632 971 1681 hos
1003 1633 1136 1681 locos
1168 1633 1442 1681 omiserunt
1466 1626 1630 1700 (Stud.
1655 1632 1683 1680 I
1709 1633 1792 1683 55.

93 1709 186 1769 ⁷23
224 1707 274 1755 11
302 1702 380 1774 9):

285 1796 313 1845 I
339 1798 386 1858 3,
413 1798 443 1845 5
485 1797 657 1845 deinde
701 1798 881 1845 multas
932 1823 995 1830 —
1037 1799 1301 1857 imaqinem
1345 1798 1463 1846 solis
1509 1801 1624 1859 post
1670 1799 1793 1845 ima-

518 1873 680 1931 qinem
716 1872 833 1919 solis

264 1945 316 1994 II
342 1946 429 2007 48,
456 1949 482 1993 1
527 1960 677 2006 aeque
709 1973 778 1978 —
818 1947 1014 2005 finitum
1053 1949 1142 1994 est:
1182 1947 1243 1995 cf.
1283 1962 1434 2008 supra
1472 1963 1519 2009 p.
1553 1946 1719 1995 XXVI

266 2020 314 2067 V
340 2023 388 2081 1,
414 2022 444 2069 3
485 2021 662 2079 fluetus
722 2024 791 2069 est
836 2047 906 2053 —
953 2022 1106 2081 fuerit
1161 2023 1277 2070 ante
1331 2023 1508 2080 fluctus
1562 2025 1651 2077 est,
1707 2021 1794 2069 ubi

522 2087 723 2142 EFGH
763 2096 917 2143 etiam
954 2097 1009 2144 in
1045 2110 1199 2144 urnam
1229 2099 1426 2156 partem
1465 2111 1559 2144 om.

266 2169 313 2216 V
340 2170 424 2230 18,
451 2171 483 2217 4
522 2183 591 2217 an
620 2184 718 2217 non
749 2172 888 2218 nasci
925 2173 1042 2233 post
1071 2172 1210 2219 nasei
1250 2165 1359 2236 [ubi
1398 2172 1593 2235 integer
1633 2174 1706 2220 est
1739 2170 1792 2234 d,

522 2259 623 2292 non
660 2238 744 2309 ηῑ]

218 2317 315 2366 VII
342 2319 390 2382 5,
417 2319 447 2366 3
489 2319 633 2366 talem
668 2345 728 2352 —
765 2321 921 2380 fuisse
957 2322 1072 2382 post
1110 2321 1320 2380 fulsisse.

202 2421 358 2487 Atqui
397 2423 452 2471 hi
490 2424 543 2471 in
583 2422 704 2472 duas
743 2426 911 2487 partes
958 2423 1230 2473 discedunt.
1306 2441 1422 2473 nam
1463 2425 1604 2475 libris
1644 2418 1792 2474 PGH

90 2495 263 2546 eadem
301 2496 428 2546 vitia
465 2499 652 2559 insunt,
690 2498 863 2547 eadem
903 2498 1054 2547 verba
1093 2499 1291 2548 desunt:

241 2600 313 2649 VI
339 2602 424 2662 30,
451 2603 481 2650 2
523 2617 632 2651 cwm
662 2617 790 2663 pars
826 2628 889 2637 -
924 2604 1100 2660 deesse,
1140 2603 1226 2651 ubi
1257 2605 1312 2652 in
1342 2598 1389 2652 Η
1420 2604 1589 2654 hiatus
1629 2607 1794 2654 exstat

243 2675 339 2724 VII
370 2679 453 2738 10,
480 2671 563 2741 2s3
603 2677 743 2725 nobie
779 2680 1103 2738 suspicionem
1131 2704 1206 2712 —
1229 2679 1468 2739 praebere
1507 2683 1623 2729 ante
1654 2681 1793 2743 nobjs

522 2765 796 2812 opmwnem

242 2823 353 2873 IVa
390 2841 488 2875 non
530 2825 782 2889 integrum
813 2826 1002 2875 scribae
1033 2828 1361 2889 reperiebant,
1397 2828 1630 2877 desinunt
1661 2828 1793 2877 enim
1851 2866 1854 2871 .

523 2893 564 2948 F
589 2901 642 2948 in
666 2899 830 2950 verbis
853 2903 1016 2951 m‘vem
1038 2902 1233 2950 dibuwnt
1260 2903 1307 2964 2,
1335 2903 1420 2964 19,
1459 2896 1505 2951 H
1528 2905 1582 2951 in
1614 2905 1792 2964 quippe
