1988 3138
491 150 717 196 NATUR.
750 150 1002 205 QUAEST.
1036 151 1150 196 ΜΒ.
1178 151 1255 196 m.
1291 155 1481 196 13-15,
1735 150 1836 202 107

250 274 332 327 15.
380 272 652 337 Quaedam
691 291 757 326 ex
797 274 914 326 istis
954 276 1096 341 sunt,
1136 273 1331 342 quibus
1372 272 1628 326 assentire
1667 273 1839 346 possi·
1872 288 1893 324 1

135 367 266 402 mus.
339 348 431 401 sed
468 348 573 401 1106
611 347 842 416 amplius
881 365 1097 401 censeo:
1135 349 1312 416 placet
1351 351 1543 403 natura
1579 347 1696 418 regi
1736 350 1837 400 ter-

134 442 248 476 ram
299 426 354 476 et
391 421 607 491 quidem
658 422 725 474 ad
763 425 1070 475 nostrorum
1111 438 1397 491 corporum
1445 420 1732 490 exemplar,
1783 422 1839 472 in

135 498 332 566 quibus
378 501 433 550 et
468 514 635 549 venae
681 499 807 549 sunt
845 499 900 549 et
945 496 1192 563 arteriae,
1240 497 1364 549 illae
1412 496 1688 565 sanguinis
1738 495 1838 548 hae

89 592 110 624 5
135 572 356 640 spiritus
394 571 752 640 receptacula:
793 571 849 622 in
887 575 1028 623 terra
1067 589 1284 640 quoque
1325 573 1450 623 sunt
1489 571 1594 622 alia
1633 570 1838 637 itinera,

134 664 231 715 per
270 663 408 714 quae
446 663 598 714 aqua,
638 646 758 713 alia,
796 663 893 714 per
932 663 1070 714 (11166
1110 646 1331 715 spiritus
1371 646 1560 714 currit3
1600 645 1838 714 adeoque

134 720 200 772 ad
262 718 670 772 similitudinem
734 720 831 772 illa
892 718 1252 772 humanorum
1307 737 1594 788 corporum
1647 723 1839 772 natura

132 794 406 862 formavit,
453 797 514 846 ut
559 794 786 847 maiores
828 812 1042 863 quoque
1087 795 1260 847 nostri
1300 812 1559 862 aquarum
1605 793 1838 863 appella-

134 869 308 922 verint
336 886 511 921 venas.
575 868 668 921 sed
699 869 1149 938 quemadmodum
1190 869 1247 920 in
1284 869 1441 921 nobis
1477 885 1589 920 non
1626 871 1835 921 tantum
1870 884 1893 920 2

67 967 110 996 ιο
134 944 352 1013 sanguis
398 947 482 996 est
528 943 622 996 sed
667 944 838 996 multa
885 961 1080 1013 genera
1127 944 1354 1010 111110118,
1402 944 1508 995 6116
1551 944 1837 995 necessarii

132 1018 239 1070 alia
277 1018 518 1087 corrupti
557 1035 620 1070 ac
658 1018 820 1087 paulo
859 1018 1161 1088 pinguioris
1210 1015 1293 1088 (in
1331 1019 1507 1087 capite
1547 1017 1837 1082 cerebrum,

134 1092 189 1145 in
236 1093 448 1145 ossibus
500 1092 780 1160 medullae,
831 1093 974 1145 muci
1025 1093 1328 1162 salivaeque
1379 1095 1434 1145 et
1482 1091 1734 1145 lacrimae
1786 1095 1838 1144 et

133 1166 388 1235 quiddam
428 1166 669 1219 additum
710 1167 973 1235 6111611118,
1023 1185 1120 1236 per
1158 1167 1304 1236 quod
1344 1167 1505 1220 citius
1553 1166 1839 1220 flectantur

133 1259 198 1294 ex
244 1240 503 1312 lubrico),
554 1242 630 1294 816
679 1242 736 1293 111
782 1244 923 1294 terra
963 1251 1176 1311 quoque
1217 1245 1343 1294 sunt
1390 1242 1594 1294 umoris
1642 1258 1838 1311 genera

66 1337 107 1369 15
133 1316 431 1384 complura:
484 1316 744 1385 quaedam
795 1334 932 1385 quae
983 1319 1189 1369 mature
1241 1316 1501 1369 durentur
1554 1314 1707 1387 (hinc
1757 1320 1837 1368 est
1870 1331 1894 1366 3

133 1391 306 1442 omnis
339 1391 678 1443 metallorum
720 1394 879 1457 ortus,
917 1409 983 1443 ex
1018 1390 1214 1459 quibus
1254 1392 1391 1459 petit
1430 1408 1620 1443 aurum
1653 1409 1834 1461 argen-

134 1470 353 1534 tumque
404 1466 649 1532 avaritia,
698 1468 754 1518 et
804 1483 939 1534 quae
992 1465 1047 1517 in
1097 1465 1331 1535 lapidem
1372 1484 1438 1518 ex
1475 1466 1686 1534 liquore
1724 1483 1836 1517 ver-

133 1538 367 1608 tuntur);
423 1540 478 1592 in
526 1539 786 1608 quaedam
835 1558 960 1593 vero
1010 1543 1151 1593 terra
1196 1558 1458 1608 umorque
1506 1543 1836 1609 putrescunt,

133 1614 273 1666 sicut
324 1614 566 1667 bitumen
617 1618 671 1667 et
708 1617 883 1667 cetera
920 1613 1048 1667 huic
1096 1615 1305 1667 similia.
1386 1615 1518 1668 haec
1558 1618 1639 1668 est
1678 1632 1836 1667 661186

62 1709 109 1741 so
132 1706 389 1757 aquarum
431 1688 723 1742 secundum
763 1688 937 1759 legem
979 1693 1198 1742 naturae
1238 1689 1680 1758 voluntatemque
1720 1708 1835 1741 nas-

133 1764 381 1816 cent-ium.
453 1767 686 1816 ceterum
728 1766 789 1815 ut
828 1764 884 1815 in
921 1765 1120 1816 nostris
1162 1765 1477 1833 corporibus
1519 1764 1593 1816 ita
1641 1765 1697 1815 in
1744 1762 1836 1816 illa
1869 1778 1894 1815 4
1973 1812 1975 1814 .

132 1855 288 1907 saepe
328 1856 540 1890 umores
573 1838 704 1890 vitia
744 1838 1081 1907 concipiunt:
1122 1842 1214 1891 aut
1254 1839 1390 1891 ictus
1431 1842 1524 1891 aut
1563 1839 1834 1906 quassatio

131 1912 312 1981 aliqua
350 1916 444 1965 aut
480 1913 586 1966 loci
626 1913 834 1965 senium
875 1917 969 1965 aut
1006 1914 1177 1983 frigus
1218 1916 1311 1966 aut
1342 1916 1518 1967 aestus
1553 1931 1835 1982 corrupere
1927 1975 1950 1986 l

136 1991 400 2055 naturam3
447 1990 501 2039 et
540 1987 878 2056 sulphuratio
927 1988 1194 2039 contraxit
1233 2006 1492 2055 umorem,
1540 1989 1635 2056 qui
1675 1987 1834 2040 modo

251 2159 278 2197 4
295 2170 385 2213 sqq.
420 2158 476 2211 cs.
514 2157 688 2200 Aetnae
719 2169 757 2199 v.
793 2158 855 2199 98
870 2169 962 2212 sqq.
1167 2161 1304 2213 utque
1335 2157 1567 2201 animanti

398 2228 482 2271 per
514 2219 607 2259 tota
638 2220 840 2259 errantes
865 2220 1147 2272 percum-unt
1175 2230 1367 2273 corpora
1399 2231 1549 2269 venae,

400 2274 465 2318 ad
493 2275 635 2319 vitam
665 2275 859 2334 sanquis
888 2276 1035 2320 onmis
1065 2290 1158 2331 qua
1188 2282 1404 2321 commeat
1434 2279 1465 2329 †
1495 2277 1629 2329 idem,

402 2341 524 2378 terra
554 2335 852 2392 vorayimbue
882 2338 1118 2391 conceptas
1148 2335 1315 2394 digerit
1344 2350 1499 2380 auras.

251 2494 272 2533 1
305 2489 538 2547 possimus
570 2489 693 2558 vq]
724 2504 973 2548 possumus
1012 2492 1027 2547 ΙΙ
1065 2496 1090 2534 7
1126 2490 1210 2536 1116
1243 2492 1416 2550 Haase]
1454 2491 1586 2536 illam
1618 2494 1742 2549 (ante
1774 2492 1835 2536 ad

131 2551 187 2604 δ’)
222 2552 229 2604 Ι
264 2552 434 2594 natura
465 2549 708 2609 formamt]
752 2549 977 2594 formauit
1007 2551 1122 2595 deus
1154 2552 1193 2596 ό
1238 2554 1251 2604 11
1299 2556 1324 2595 8
1359 2551 1706 2609 appellauerint
1737 2553 1834 2609 ez}

134 2612 263 2654 -runt
308 2611 324 2665 Ι
369 2612 398 2653 0
429 2609 542 2668 non]
588 2623 671 2654 om.
706 2609 740 2653 λ
786 2610 802 2665 ΙΙ
847 2613 899 2653 10
931 2610 1033 2670 sed]
1077 2613 1125 2654 et
1155 2611 1261 2656 add.
1296 2613 1370 2666 ὃ»
1416 2614 1430 2668 ΙΙ
1476 2616 1521 2655 11
1554 2611 1830 2670 pinguioris]

134 2667 354 2726 pigrioris
386 2670 425 2714 δ
454 2672 469 2726 ΙΙ
501 2673 552 2712 12
583 2668 730 2727 muci]
761 2669 914 2713 mucci
938 2673 1011 2714 ΡΖ
1055 2670 1203 2715 11111861
1227 2675 1305 2715 ΕΤ
1330 2672 1479 2730 Bony.
1505 2671 1600 2716 cod.
1633 2670 1832 2715 musculi

135 2730 174 2772 Δ
206 2731 222 2785 Ι]
251 2732 302 2771 15
327 2728 588 2787 complura]
614 2741 755 2785 quam
780 2727 918 2785 plura
940 2731 1038 2774 1118·
1066 2731 1070 2787 Ι
1106 2731 1308 2790 mature]
1335 2732 1505 2775 natura
1528 2732 1567 2776 ό·
1591 2733 1604 2787 ΙΙ
1629 2735 1680 2774 18
1705 2733 1833 2774 ortus

137 2788 238 2855 Ge.)
269 2787 461 2842 humus,
502 2801 637 2832 omne
670 2790 779 2831 met.
811 2800 958 2845 genus
991 2789 1187 2834 Fortun.
1239 2792 1245 2846 Ι
1297 2804 1462 2834 aurum
1495 2792 1833 2848 argentumque

134 2849 257 2903 petit
284 2847 383 2893 coll.
417 2849 456 2892 Δ
497 2850 512 2903 ΙΙ
550 2851 601 2891 18
635 2847 681 2891 in
715 2847 948 2904 quaedam
979 2850 1110 2908 uero]
1151 2849 1198 2893 in
1231 2849 1515 2905 quibusdam
1563 2863 1674 2894 uero
1716 2849 1832 2894 locis

133 2909 175 2951 Δ
202 2908 212 2963 Ι
238 2910 527 2964 putrescunt]
565 2906 832 2963 liquescunt
856 2909 895 2951 Δ
928 2909 943 2962 Ι]
973 2912 1033 2951 80
1058 2907 1463 2967 uoluntatemquel
1491 2908 1734 2954 uoluntate
1759 2910 1797 2953 δ
1820 2911 1835 2965 ΙΙ

133 2969 192 3009 28
224 2979 470 3023 corrupere
500 2967 613 3025 Δθ]
647 2979 939 3023 corrumpere
