1988 3138
775 93 1119 139 PRAEFATIO
1689 93 1797 139 XIII

210 225 288 273 Ne
348 221 534 287 singuli
596 220 797 284 quidem
858 221 975 268 libri
1039 222 1486 284 subscriptionibus
1549 223 1798 285 carebant,

102 315 315 365 quarum
351 297 514 346 forma
551 296 768 359 genuina
813 296 983 358 aliquo
1026 297 1173 346 modo
1212 299 1546 359 recuperatur.
1626 313 1799 359 quam-

103 390 254 439 quam
299 372 432 420 enim
476 373 530 419 in
570 370 820 419 codicibus
859 386 1011 418 manu
1050 371 1250 433 scriptis
1290 372 1455 419 varias
1498 371 1709 435 legimus
1750 375 1801 420 et

100 450 365 514 plerasque
409 447 630 494 recentes
675 461 835 507 neque
880 446 935 493 in
989 446 1258 507 archetypo
1306 461 1388 494 eas
1434 445 1646 494 traditas
1695 462 1800 495 esse

99 523 248 573 facile
293 521 634 582 observamuS,
678 523 848 568 tamen
893 520 1224 582 paucissimae
1262 522 1395 568 inter
1431 520 1585 568 libros
1623 514 1802 585 IVbsV

102 600 154 646 et
190 592 341 661 VsVI
385 596 601 643 insertae
647 597 699 642 et
743 595 796 642 in
843 593 1036 643 duobus
1083 595 1304 643 melioris
1353 596 1501 643 notae
1549 595 1802 644 codicibus

100 666 149 721 Η
187 675 239 720 et
274 665 315 719 L
354 685 509 734 marg.
542 671 768 718 servatae
807 669 913 717 sine
953 668 1102 718 dubio
1142 669 1438 718 vetustiores
1479 672 1595 718 sunt
1635 665 1801 737 (Stud.

7 777 9 780 ⁴
100 746 129 796 Ι
152 741 264 812 40),
303 745 495 794 scilicet
532 744 648 792 hae:
697 742 890 803 (Ducti)
931 742 1098 792 Annei
1141 743 1315 793 Senece
1362 745 1482 792 liber
1519 745 1687 793 IIIus
1725 760 1801 794 ex·

93 821 238 884 plicit
282 820 348 868 de
395 819 667 867 nubibus
720 819 894 878 incipit
936 818 1140 866 IIIIus
1186 819 1252 866 de
1299 821 1502 868 ventis.
1551 822 1602 868 et
1643 858 1652 867 .
1688 858 1697 868 .
1739 820 1804 869 de

103 897 298 945 ventis
329 894 451 942 liber
484 893 679 941 HIIus
710 893 914 953 explicit.
967 895 1142 953 incipit
1175 894 1283 941 Vus
1313 895 1378 942 de
1411 896 1604 943 terrae
1634 898 1802 943 motu.

102 970 283 1020 harum
314 968 734 1030 subscriptionum
758 983 916 1030 neque
948 969 1143 1016 numeri
1172 983 1335 1030 neque
1366 968 1560 1031 reliqua
1592 986 1649 1017 ex
1680 970 1805 1032 ipsis

105 1043 356 1094 codicibus
402 1036 496 1090 HL
543 1041 762 1090 derivari
806 1045 1100 1105 potuerunt,
1148 1042 1387 1104 quoniam
1439 1043 1491 1090 hi
1539 1059 1651 1092 cum
1696 1046 1806 1093 tota

104 1134 196 1169 sua
242 1118 398 1167 classe
444 1133 475 1165 a
512 1116 641 1165 libro
680 1116 794 1164 IVb
841 1117 1089 1179 incipiunt
1135 1119 1339 1179 eiusque
1393 1117 1552 1166 libelli
1604 1119 1807 1167 initium

106 1194 167 1243 de
212 1192 425 1241 nubibus
471 1193 808 1254 conscriptum
854 1191 907 1239 in
946 1191 1196 1241 codicibus
1243 1208 1447 1255 prorsus
1487 1193 1638 1243 deest.
1715 1194 1808 1242 hac

106 1269 167 1318 de
198 1283 349 1317 causa
379 1266 696 1315 Hermannus
729 1266 866 1315 Diels
899 1266 1142 1330 originem
1175 1267 1354 1315 harum
1386 1268 1809 1331 subscriptionum

108 1344 263 1392 altius
309 1341 632 1405 repetendam
679 1356 783 1390 esse
822 1343 1019 1406 egregie
1059 1341 1319 1390 divinavit.
1398 1359 1557 1405 neque
1598 1343 1808 1391 dubium

107 1420 199 1478 est,
237 1417 357 1480 quin
394 1419 497 1465 tres
536 1415 614 1464 illi
651 1415 935 1464 libellorum
972 1417 1113 1464 tituli
1154 1417 1216 1464 ad
1253 1416 1418 1479 ipsum
1459 1416 1697 1467 Senecam
1734 1434 1809 1466 re-

107 1492 308 1553 cedant3
347 1492 583 1539 nimirum
630 1490 693 1538 ad
732 1493 921 1539 ceteros
960 1490 1156 1540 libellos
1197 1491 1477 1554 adscriptus
1524 1493 1690 1542 nullus
1730 1509 1810 1541 ex-

109 1569 214 1616 stat
252 1566 447 1626 titulus,
486 1566 660 1627 itaque
699 1581 760 1614 ne
806 1566 859 1613 in
899 1566 1170 1628 archetypo
1210 1566 1409 1628 quidem
1452 1561 1809 1634 servabatur.¹)

109 1645 333 1690 attamen
372 1656 434 1688 ne
473 1639 657 1688 librum
680 1639 733 1687 H
772 1640 973 1702 quidem
1011 1640 1176 1701 titulo,
1217 1642 1305 1703 qui
1343 1641 1402 1689 de
1439 1642 1730 1701 fulminibus
1770 1645 1814 1691 et

108 1716 366 1765 tonitribus
397 1714 637 1763 similisve
671 1715 782 1774 fuit,
821 1715 1039 1763 caruisse
1070 1715 1186 1763 inde
1219 1718 1458 1778 sequitur,
1500 1717 1634 1779 quod
1664 1716 1811 1766 initio

109 1792 220 1840 tota
266 1789 487 1838 naturali
533 1790 746 1837 materia
791 1789 1010 1838 breviter
1060 1789 1304 1851 disposita
1358 1792 1410 1839 et
1462 1791 1595 1839 inter
1649 1794 1814 1840 cetera

110 1864 345 1914 sublimia
383 1867 523 1912 motu
563 1879 761 1927 quoque
804 1865 1055 1913 terrarum
1096 1891 1165 1898 —
1207 1864 1278 1914 sic
1317 1867 1450 1913 enim
1488 1868 1621 1915 recte
1661 1866 1814 1916 verba

108 1939 164 1989 11
191 1944 238 2001 1,
265 1940 295 1987 2
337 1938 400 1986 ab
445 1938 634 1988 Haasio
681 1939 914 2002 suppleta
960 1942 1078 1987 sunt
1119 1967 1186 1972 —
1227 1939 1280 1988 in
1320 1941 1506 1988 vicinia
1543 1941 1814 1991 fulminum

112 2015 497 2064 commemorato
543 2013 859 2063 interlocutio
898 2014 1019 2063 haec
1070 2013 1148 2062 fit:
1199 2015 1434 2075 quomodo
1473 2016 1531 2064 de
1570 2019 1815 2065 terrarum

111 2091 244 2138 motu
274 2090 602 2149 quaestionem
634 2102 692 2135 eo
723 2090 936 2149 posuisti
975 2089 1118 2145 loce,
1157 2103 1248 2148 quo
1280 2091 1339 2138 de
1370 2091 1628 2139 tonitribus
1657 2092 1816 2152 Μῃο-

112 2163 342 2224 rebusque
379 2162 599 2211 dicturus
638 2163 721 2211 es?
767 2156 842 2230 (Π
877 2166 923 2225 1,
957 2158 1029 2230 3)
1106 2165 1212 2212 tam
1258 2164 1529 2226 prudenter
1568 2166 1815 2214 neminem

112 2238 215 2287 iam
261 2239 570 2302 interrogare
617 2238 838 2300 potuisse
877 2238 974 2287 nisi
1014 2237 1073 2286 de
1112 2238 1257 2287 rebus
1296 2240 1349 2287 in
1387 2239 1480 2288 hoc
1519 2239 1647 2289 libro
1686 2242 1815 2289 trac-

112 2311 282 2362 tandis
329 2311 558 2361 edoctum
606 2310 860 2362 Schultess
910 2313 1182 2362 rectissime
1228 2313 1446 2375 monuit3
1494 2331 1652 2377 neque
1698 2331 1815 2364 vero

116 2402 243 2449 quae
296 2385 384 2435 ille
430 2388 579 2435 nimis
625 2389 770 2436 acute
817 2387 1029 2437 coniecit
1083 2382 1345 2453 (Senecam
1393 2390 1525 2437 enim
1572 2405 1696 2452 opus
1742 2406 1815 2439 re-

114 2464 356 2511 tractasse
396 2454 674 2526 contendit)
718 2461 919 2524 probari
958 2465 1188 2525 possunt,
1236 2479 1393 2525 neque
1433 2479 1560 2526 quae
1600 2480 1691 2530 ego
1731 2480 1816 2513 no-

115 2538 222 2585 tam
255 2534 507 2598 quandam
538 2539 687 2584 antea
725 2535 776 2584 in
808 2536 935 2585 libro
960 2536 1073 2585 IVb
1105 2537 1356 2599 prolatam
1388 2554 1498 2587 cum
1529 2541 1637 2588 toto
1669 2538 1817 2587 huius

241 2680 283 2734 1)
314 2676 475 2722 Plures
508 2677 557 2722 in
590 2678 751 2723 codice
783 2683 813 2722 z
846 2678 1130 2736 interpolato
1169 2678 1393 2737 leguntur
1423 2680 1504 2725 sed
1537 2680 1818 2726 coniecturis

120 2736 361 2783 debentur.
402 2752 461 2782 ne
485 2736 571 2782 illa
594 2737 784 2794 quidem
808 2738 917 2783 libri
942 2738 1046 2782 Ivb
1071 2694 1355 2796 subscriptio
1381 2740 1568 2797 integra
1591 2740 1817 2786 traditur.

118 2795 333 2854 Explicit
371 2797 483 2843 liber
522 2797 611 2842 111
648 2798 709 2842 de
748 2798 990 2843 nivibus.
1055 2798 1230 2856 Incipit
1262 2799 1375 2845 liber
1406 2799 1527 2845 IIII
1564 2800 1619 2845 de
1660 2802 1805 2846 ventis

121 2856 181 2901 cf.
212 2855 398 2915 infrap
403 2855 600 2902 ,XXIlL
655 2857 749 2902 alio
779 2857 920 2903 modo
952 2856 1239 2915 interpolata
1270 2859 1436 2903 eadem
1475 2859 1819 2916 subscriptione

117 2914 172 2961 in
204 2871 398 2961 codicep
393 2921 428 2961 1
459 2915 628 2961 titula·
659 2917 722 2963 de
749 2918 1032 2975 yrandine
1062 2923 1111 2963 et
1141 2918 1341 2964 nubibus
1370 2918 1557 2977 legitur
