<?xml version="1.0" encoding="UTF-8"?>
<!DOCTYPE html PUBLIC "-//W3C//DTD XHTML 1.0 Transitional//EN"
    "http://www.w3.org/TR/xhtml1/DTD/xhtml1-transitional.dtd">
<html xmlns="http://www.w3.org/1999/xhtml" xml:lang="en" lang="en">
 <head>
  <title>
</title>
<meta http-equiv="Content-Type" content="text/html;charset=utf-8" />
  <meta name='ocr-system' content='tesseract 3.04.00' />
  <meta name='ocr-capabilities' content='ocr_page ocr_carea ocr_par ocr_line ocrx_word'/>
</head>
<body>
  <div class='ocr_page' id='page_1' title='image "./operaquaesupersu02seneuoft/operaquaesupersu02seneuoft_0021.png"; bbox 0 0 1988 3138; ppageno 0'>
   <div class='ocr_carea' id='block_1_1' title="bbox 0 885 16 1260">
    <p class='ocr_par' dir='ltr' id='par_1_1' title="bbox 0 885 16 1260">
     <span class='ocr_line' id='line_1_1' title="bbox 0 885 16 1260; textangle 90"><span class='ocrx_word' id='word_1_1' title='bbox 0 1005 13 1260; x_wconf 62' lang='lat' dir='ltr'>—v—vv—-svnv</span> <span class='ocrx_word' id='word_1_2' title='bbox 0 885 16 979; x_wconf 52' lang='lat' dir='ltr'>auur.</span> 
     </span>
    </p>
   </div>
   <div class='ocr_carea' id='block_1_2' title="bbox 769 92 1798 139">
    <p class='ocr_par' dir='ltr' id='par_1_2' title="bbox 769 92 1798 139">
     <span class='ocr_line' id='line_1_2' title="bbox 769 92 1798 139; baseline 0 -1"><span class='ocrx_word' id='word_1_3' title='bbox 769 93 1114 139; x_wconf 85' lang='lat' dir='ltr'><strong>PRAEFATIO</strong></span> <span class='ocrx_word' id='word_1_4' title='bbox 1667 92 1798 138; x_wconf 76' lang='lat' dir='ltr'>XVII</span> 
     </span>
    </p>
   </div>
   <div class='ocr_carea' id='block_1_3' title="bbox 91 213 1800 1402">
    <p class='ocr_par' dir='ltr' id='par_1_3' title="bbox 91 213 1799 880">
     <span class='ocr_line' id='line_1_3' title="bbox 93 213 1795 287; baseline -0.005 -12"><span class='ocrx_word' id='word_1_5' title='bbox 93 224 203 275; x_wconf 81' lang='lat' dir='ltr'>Nili</span> <span class='ocrx_word' id='word_1_6' title='bbox 239 222 622 285; x_wconf 80' lang='lat' dir='ltr'><strong>descriptionem</strong></span> <span class='ocrx_word' id='word_1_7' title='bbox 660 214 747 287; x_wconf 82' lang='lat' dir='ltr'>(N.</span> <span class='ocrx_word' id='word_1_8' title='bbox 773 219 828 277; x_wconf 83' lang='lat' dir='ltr'>Q.</span> <span class='ocrx_word' id='word_1_9' title='bbox 851 219 968 268; x_wconf 90' lang='lat' dir='ltr'>IVa</span> <span class='ocrx_word' id='word_1_10' title='bbox 999 235 1106 281; x_wconf 89' lang='lat' dir='ltr'>cap.</span> <span class='ocrx_word' id='word_1_11' title='bbox 1142 213 1197 285; x_wconf 85' lang='lat'>2)</span> <span class='ocrx_word' id='word_1_12' title='bbox 1235 220 1290 267; x_wconf 91' lang='lat' dir='ltr'>in</span> <span class='ocrx_word' id='word_1_13' title='bbox 1327 219 1512 267; x_wconf 88' lang='lat' dir='ltr'>librum</span> <span class='ocrx_word' id='word_1_14' title='bbox 1550 219 1595 266; x_wconf 94' lang='lat' dir='ltr'>X</span> <span class='ocrx_word' id='word_1_15' title='bbox 1632 221 1795 267; x_wconf 90' lang='lat' dir='ltr'>trans·</span> 
     </span>
     <span class='ocr_line' id='line_1_4' title="bbox 93 286 1797 360; baseline -0.004 -12"><span class='ocrx_word' id='word_1_16' title='bbox 93 299 267 349; x_wconf 86' lang='lat' dir='ltr'>tulisse</span> <span class='ocrx_word' id='word_1_17' title='bbox 307 297 462 358; x_wconf 89' lang='lat' dir='ltr'>Diels,</span> <span class='ocrx_word' id='word_1_18' title='bbox 510 296 742 344; x_wconf 77' lang='lat' dir='ltr'><strong>ultimam</strong></span> <span class='ocrx_word' id='word_1_19' title='bbox 787 293 961 343; x_wconf 91' lang='lat' dir='ltr'>mundi</span> <span class='ocrx_word' id='word_1_20' title='bbox 1009 293 1387 342; x_wconf 88' lang='lat' dir='ltr'>inundationem</span> <span class='ocrx_word' id='word_1_21' title='bbox 1439 287 1540 360; x_wconf 89' lang='lat' dir='ltr'>(HI</span> <span class='ocrx_word' id='word_1_22' title='bbox 1575 295 1641 341; x_wconf 85' lang='lat'>27</span> <span class='ocrx_word' id='word_1_23' title='bbox 1662 286 1797 360; x_wconf 85' lang='lat' dir='ltr'>sqq.)</span> 
     </span>
     <span class='ocr_line' id='line_1_5' title="bbox 93 367 1795 435; baseline -0.003 -14"><span class='ocrx_word' id='word_1_24' title='bbox 93 374 147 422; x_wconf 89' lang='lat' dir='ltr'>in</span> <span class='ocrx_word' id='word_1_25' title='bbox 201 371 571 435; x_wconf 81' lang='lat' dir='ltr'>oppugnatione</span> <span class='ocrx_word' id='word_1_26' title='bbox 624 369 818 419; x_wconf 81' lang='lat' dir='ltr'>Ilerdae</span> <span class='ocrx_word' id='word_1_27' title='bbox 871 370 926 416; x_wconf 95' lang='lat' dir='ltr'>in</span> <span class='ocrx_word' id='word_1_28' title='bbox 980 369 1013 416; x_wconf 91' lang='lat'>1.</span> <span class='ocrx_word' id='word_1_29' title='bbox 1046 367 1119 416; x_wconf 92' lang='lat' dir='ltr'>IV</span> <span class='ocrx_word' id='word_1_30' title='bbox 1173 369 1487 416; x_wconf 88' lang='lat' dir='ltr'>ennarranda</span> <span class='ocrx_word' id='word_1_31' title='bbox 1540 368 1795 416; x_wconf 88' lang='lat' dir='ltr'>imitatum</span> 
     </span>
     <span class='ocr_line' id='line_1_6' title="bbox 94 442 1796 506; baseline -0.003 -10"><span class='ocrx_word' id='word_1_32' title='bbox 94 461 199 497; x_wconf 86' lang='lat' dir='ltr'>esse</span> <span class='ocrx_word' id='word_1_33' title='bbox 237 446 422 494; x_wconf 83' lang='lat' dir='ltr'><strong>Hosius</strong></span> <span class='ocrx_word' id='word_1_34' title='bbox 469 446 736 494; x_wconf 84' lang='lat' dir='ltr'>evicerunt.</span> <span class='ocrx_word' id='word_1_35' title='bbox 813 459 971 506; x_wconf 88' lang='lat' dir='ltr'>neque</span> <span class='ocrx_word' id='word_1_36' title='bbox 1019 442 1219 503; x_wconf 90' lang='lat' dir='ltr'>dubito,</span> <span class='ocrx_word' id='word_1_37' title='bbox 1266 444 1384 505; x_wconf 87' lang='lat' dir='ltr'>quin</span> <span class='ocrx_word' id='word_1_38' title='bbox 1433 443 1600 505; x_wconf 90' lang='lat' dir='ltr'>plures</span> <span class='ocrx_word' id='word_1_39' title='bbox 1647 442 1796 491; x_wconf 90' lang='lat' dir='ltr'>libro-</span> 
     </span>
     <span class='ocr_line' id='line_1_7' title="bbox 91 511 1799 583; baseline -0.004 -13"><span class='ocrx_word' id='word_1_40' title='bbox 91 538 206 571; x_wconf 87' lang='lat' dir='ltr'>rum</span> <span class='ocrx_word' id='word_1_41' title='bbox 265 520 459 568; x_wconf 86' lang='lat' dir='ltr'><strong>IV—X</strong></span> <span class='ocrx_word' id='word_1_42' title='bbox 519 534 688 568; x_wconf 82' lang='lat' dir='ltr'>versus</span> <span class='ocrx_word' id='word_1_43' title='bbox 752 518 966 567; x_wconf 81' lang='lat' dir='ltr'>Senecae</span> <span class='ocrx_word' id='word_1_44' title='bbox 1028 517 1216 580; x_wconf 87' lang='lat' dir='ltr'>placita</span> <span class='ocrx_word' id='word_1_45' title='bbox 1280 519 1479 579; x_wconf 88' lang='lat' dir='ltr'>sapiant</span> <span class='ocrx_word' id='word_1_46' title='bbox 1541 511 1708 583; x_wconf 89' lang='lat' dir='ltr'>(Stud.</span> <span class='ocrx_word' id='word_1_47' title='bbox 1770 516 1799 565; x_wconf 95' lang='lat' dir='ltr'>I</span> 
     </span>
     <span class='ocr_line' id='line_1_8' title="bbox 98 586 1798 660; baseline -0.004 -15"><span class='ocrx_word' id='word_1_48' title='bbox 98 595 203 645; x_wconf 89' lang='lat'>108</span> <span class='ocrx_word' id='word_1_49' title='bbox 232 611 339 657; x_wconf 88' lang='lat' dir='ltr'><strong>sqq.</strong></span> <span class='ocrx_word' id='word_1_50' title='bbox 383 586 527 660; x_wconf 81' lang='lat'>127).</span> <span class='ocrx_word' id='word_1_51' title='bbox 618 609 779 656; x_wconf 88' lang='lat' dir='ltr'>neque</span> <span class='ocrx_word' id='word_1_52' title='bbox 834 608 950 641; x_wconf 83' lang='lat' dir='ltr'>vero</span> <span class='ocrx_word' id='word_1_53' title='bbox 1008 592 1223 639; x_wconf 90' lang='lat' dir='ltr'>multum</span> <span class='ocrx_word' id='word_1_54' title='bbox 1283 590 1398 639; x_wconf 90' lang='lat' dir='ltr'>inde</span> <span class='ocrx_word' id='word_1_55' title='bbox 1462 591 1672 640; x_wconf 84' lang='lat' dir='ltr'><strong>subsidii</strong></span> <span class='ocrx_word' id='word_1_56' title='bbox 1734 592 1798 640; x_wconf 91' lang='lat' dir='ltr'>ad</span> 
     </span>
     <span class='ocr_line' id='line_1_9' title="bbox 92 665 1799 727; baseline -0.003 -8"><span class='ocrx_word' id='word_1_57' title='bbox 92 671 287 719; x_wconf 83' lang='lat' dir='ltr'>textum</span> <span class='ocrx_word' id='word_1_58' title='bbox 327 668 541 717; x_wconf 76' lang='lat' dir='ltr'>Senecae</span> <span class='ocrx_word' id='word_1_59' title='bbox 582 667 943 716; x_wconf 89' lang='lat' dir='ltr'>emendandum</span> <span class='ocrx_word' id='word_1_60' title='bbox 983 666 1166 727; x_wconf 84' lang='lat' dir='ltr'>evadit,</span> <span class='ocrx_word' id='word_1_61' title='bbox 1217 668 1261 714; x_wconf 90' lang='lat' dir='ltr'>si</span> <span class='ocrx_word' id='word_1_62' title='bbox 1308 666 1486 714; x_wconf 89' lang='lat' dir='ltr'>ultima</span> <span class='ocrx_word' id='word_1_63' title='bbox 1525 665 1641 714; x_wconf 86' lang='lat' dir='ltr'>libri</span> <span class='ocrx_word' id='word_1_64' title='bbox 1678 666 1799 714; x_wconf 90' lang='lat' dir='ltr'>IVa·</span> 
     </span>
     <span class='ocr_line' id='line_1_10' title="bbox 93 740 1798 807; baseline -0.002 -14"><span class='ocrx_word' id='word_1_65' title='bbox 93 746 264 807; x_wconf 88' lang='lat' dir='ltr'>capita</span> <span class='ocrx_word' id='word_1_66' title='bbox 302 759 431 791; x_wconf 90' lang='lat' dir='ltr'>nunc</span> <span class='ocrx_word' id='word_1_67' title='bbox 470 742 729 805; x_wconf 87' lang='lat' dir='ltr'>deperdita</span> <span class='ocrx_word' id='word_1_68' title='bbox 767 741 966 804; x_wconf 84' lang='lat' dir='ltr'>excipis,</span> <span class='ocrx_word' id='word_1_69' title='bbox 1007 757 1135 803; x_wconf 88' lang='lat' dir='ltr'>quae</span> <span class='ocrx_word' id='word_1_70' title='bbox 1166 740 1398 789; x_wconf 89' lang='lat' dir='ltr'>Lucanus</span> <span class='ocrx_word' id='word_1_71' title='bbox 1436 742 1635 804; x_wconf 85' lang='lat' dir='ltr'>integra</span> <span class='ocrx_word' id='word_1_72' title='bbox 1674 741 1798 805; x_wconf 84' lang='lat' dir='ltr'>legit</span> 
     </span>
     <span class='ocr_line' id='line_1_11' title="bbox 94 818 440 880; baseline -0.009 -13"><span class='ocrx_word' id='word_1_73' title='bbox 94 821 147 867; x_wconf 85' lang='lat' dir='ltr'>et</span> <span class='ocrx_word' id='word_1_74' title='bbox 185 818 440 880; x_wconf 77' lang='lat' dir='ltr'>expressit.</span> 
     </span>
    </p>

    <p class='ocr_par' dir='ltr' id='par_1_4' title="bbox 93 889 1800 1402">
     <span class='ocr_line' id='line_1_12' title="bbox 207 889 1798 952; baseline -0.001 -12"><span class='ocrx_word' id='word_1_75' title='bbox 207 892 391 941; x_wconf 86' lang='lat' dir='ltr'>Iisdem</span> <span class='ocrx_word' id='word_1_76' title='bbox 422 891 820 951; x_wconf 87' lang='lat' dir='ltr'>Quaestionibus,</span> <span class='ocrx_word' id='word_1_77' title='bbox 851 890 1100 952; x_wconf 83' lang='lat' dir='ltr'>imprimis</span> <span class='ocrx_word' id='word_1_78' title='bbox 1131 889 1272 938; x_wconf 91' lang='lat' dir='ltr'>libris</span> <span class='ocrx_word' id='word_1_79' title='bbox 1302 889 1383 938; x_wconf 89' lang='grc' dir='ltr'>ΠΙ</span> <span class='ocrx_word' id='word_1_80' title='bbox 1407 891 1456 938; x_wconf 88' lang='lat' dir='ltr'>et</span> <span class='ocrx_word' id='word_1_81' title='bbox 1479 889 1539 952; x_wconf 84' lang='lat' dir='ltr'>V,</span> <span class='ocrx_word' id='word_1_82' title='bbox 1566 890 1798 939; x_wconf 78' lang='lat' dir='ltr'>Aetnae</span> 
     </span>
     <span class='ocr_line' id='line_1_13' title="bbox 93 964 1796 1027; baseline -0.002 -11"><span class='ocrx_word' id='word_1_83' title='bbox 93 968 330 1018; x_wconf 86' lang='lat' dir='ltr'>carminis</span> <span class='ocrx_word' id='word_1_84' title='bbox 381 969 558 1015; x_wconf 89' lang='lat' dir='ltr'>auctor</span> <span class='ocrx_word' id='word_1_85' title='bbox 608 981 724 1014; x_wconf 91' lang='lat' dir='ltr'>usus</span> <span class='ocrx_word' id='word_1_86' title='bbox 779 967 876 1026; x_wconf 88' lang='lat' dir='ltr'>est,</span> <span class='ocrx_word' id='word_1_87' title='bbox 924 966 1011 1027; x_wconf 91' lang='lat' dir='ltr'>qui</span> <span class='ocrx_word' id='word_1_88' title='bbox 1059 964 1195 1012; x_wconf 89' lang='lat' dir='ltr'>intra</span> <span class='ocrx_word' id='word_1_89' title='bbox 1242 980 1483 1013; x_wconf 88' lang='lat' dir='ltr'>annorum</span> <span class='ocrx_word' id='word_1_90' title='bbox 1526 965 1594 1012; x_wconf 88' lang='grc'>64</span> <span class='ocrx_word' id='word_1_91' title='bbox 1636 966 1686 1013; x_wconf 92' lang='lat' dir='ltr'>et</span> <span class='ocrx_word' id='word_1_92' title='bbox 1728 965 1796 1013; x_wconf 87' lang='lat'>78</span> 
     </span>
     <span class='ocr_line' id='line_1_14' title="bbox 94 1038 1798 1104; baseline -0.001 -15"><span class='ocrx_word' id='word_1_93' title='bbox 94 1043 315 1104; x_wconf 89' lang='lat' dir='ltr'>spatium</span> <span class='ocrx_word' id='word_1_94' title='bbox 353 1041 480 1089; x_wconf 86' lang='lat' dir='ltr'>illud</span> <span class='ocrx_word' id='word_1_95' title='bbox 518 1040 827 1103; x_wconf 89' lang='lat' dir='ltr'>conscripsit.</span> <span class='ocrx_word' id='word_1_96' title='bbox 903 1039 1037 1088; x_wconf 92' lang='lat' dir='ltr'>hunc</span> <span class='ocrx_word' id='word_1_97' title='bbox 1083 1038 1248 1101; x_wconf 86' lang='lat' dir='ltr'>ipsum</span> <span class='ocrx_word' id='word_1_98' title='bbox 1286 1038 1537 1087; x_wconf 90' lang='lat' dir='ltr'>Lucilium</span> <span class='ocrx_word' id='word_1_99' title='bbox 1575 1040 1732 1088; x_wconf 89' lang='lat' dir='ltr'>fuisse</span> <span class='ocrx_word' id='word_1_100' title='bbox 1772 1056 1798 1088; x_wconf 93' lang='grc'>6</span> 
     </span>
     <span class='ocr_line' id='line_1_15' title="bbox 95 1114 1800 1178; baseline -0.001 -13"><span class='ocrx_word' id='word_1_101' title='bbox 95 1115 310 1165; x_wconf 88' lang='lat' dir='ltr'>Senecae</span> <span class='ocrx_word' id='word_1_102' title='bbox 370 1116 586 1178; x_wconf 89' lang='lat' dir='ltr'>epistula</span> <span class='ocrx_word' id='word_1_103' title='bbox 652 1117 717 1163; x_wconf 85' lang='lat'>79</span> <span class='ocrx_word' id='word_1_104' title='bbox 782 1129 926 1162; x_wconf 89' lang='lat' dir='ltr'>nemo</span> <span class='ocrx_word' id='word_1_105' title='bbox 997 1114 1144 1162; x_wconf 83' lang='lat' dir='ltr'>certis</span> <span class='ocrx_word' id='word_1_106' title='bbox 1213 1114 1494 1162; x_wconf 87' lang='lat' dir='ltr'>rationibus</span> <span class='ocrx_word' id='word_1_107' title='bbox 1563 1114 1800 1176; x_wconf 84' lang='lat' dir='ltr'>probavit</span> 
     </span>
     <span class='ocr_line' id='line_1_16' title="bbox 93 1188 1799 1253; baseline -0.001 -14"><span class='ocrx_word' id='word_1_108' title='bbox 93 1206 253 1253; x_wconf 89' lang='lat' dir='ltr'>neque</span> <span class='ocrx_word' id='word_1_109' title='bbox 327 1190 587 1253; x_wconf 85' lang='lat' dir='ltr'>probabit,</span> <span class='ocrx_word' id='word_1_110' title='bbox 656 1193 824 1238; x_wconf 86' lang='lat' dir='ltr'>tamen</span> <span class='ocrx_word' id='word_1_111' title='bbox 894 1188 1110 1251; x_wconf 90' lang='lat' dir='ltr'>suspicio</span> <span class='ocrx_word' id='word_1_112' title='bbox 1183 1205 1284 1237; x_wconf 92' lang='lat' dir='ltr'>non</span> <span class='ocrx_word' id='word_1_113' title='bbox 1354 1191 1430 1237; x_wconf 85' lang='lat' dir='ltr'>est</span> <span class='ocrx_word' id='word_1_114' title='bbox 1499 1189 1799 1238; x_wconf 86' lang='lat' dir='ltr'>semovenda</span> 
     </span>
     <span class='ocr_line' id='line_1_17' title="bbox 95 1256 1798 1333; baseline -0.002 -19"><span class='ocrx_word' id='word_1_115' title='bbox 95 1259 263 1333; x_wconf 90' lang='lat' dir='ltr'>(Stud.</span> <span class='ocrx_word' id='word_1_116' title='bbox 302 1265 327 1312; x_wconf 97' lang='lat' dir='ltr'>I</span> <span class='ocrx_word' id='word_1_117' title='bbox 371 1260 515 1332; x_wconf 89' lang='grc'>107).</span> <span class='ocrx_word' id='word_1_118' title='bbox 599 1264 893 1313; x_wconf 89' lang='lat' dir='ltr'>manifestus</span> <span class='ocrx_word' id='word_1_119' title='bbox 943 1264 1076 1311; x_wconf 91' lang='lat' dir='ltr'>enim</span> <span class='ocrx_word' id='word_1_120' title='bbox 1130 1266 1206 1312; x_wconf 90' lang='lat' dir='ltr'>est</span> <span class='ocrx_word' id='word_1_121' title='bbox 1259 1263 1523 1326; x_wconf 87' lang='lat' dir='ltr'>utriusque</span> <span class='ocrx_word' id='word_1_122' title='bbox 1580 1256 1798 1312; x_wconf 85' lang='lat' dir='ltr'>auctoris</span> 
     </span>
     <span class='ocr_line' id='line_1_18' title="bbox 94 1337 1800 1402; baseline -0.001 -14"><span class='ocrx_word' id='word_1_123' title='bbox 94 1355 361 1389; x_wconf 88' lang='lat' dir='ltr'>consensus</span> <span class='ocrx_word' id='word_1_124' title='bbox 400 1355 430 1387; x_wconf 92' lang='lat' dir='ltr'>a</span> <span class='ocrx_word' id='word_1_125' title='bbox 467 1340 640 1388; x_wconf 88' lang='lat' dir='ltr'>multis</span> <span class='ocrx_word' id='word_1_126' title='bbox 684 1338 1040 1400; x_wconf 87' lang='lat' dir='ltr'>interpretibus</span> <span class='ocrx_word' id='word_1_127' title='bbox 1080 1337 1302 1386; x_wconf 87' lang='lat' dir='ltr'>detectus</span> <span class='ocrx_word' id='word_1_128' title='bbox 1349 1339 1398 1386; x_wconf 85' lang='lat' dir='ltr'>et</span> <span class='ocrx_word' id='word_1_129' title='bbox 1446 1337 1670 1402; x_wconf 89' lang='lat' dir='ltr'>agnitus,</span> <span class='ocrx_word' id='word_1_130' title='bbox 1712 1338 1800 1401; x_wconf 91' lang='grc'>(1111</span> 
     </span>
    </p>
   </div>
   <div class='ocr_carea' id='block_1_4' title="bbox 0 1412 1798 1491">
    <p class='ocr_par' dir='ltr' id='par_1_5' title="bbox 0 1412 1798 1491">
     <span class='ocr_line' id='line_1_19' title="bbox 0 1412 1798 1491; baseline 0 -29"><span class='ocrx_word' id='word_1_131' title='bbox 0 1467 2 1491; x_wconf 16' lang='grc' dir='ltr'>ἑ</span> <span class='ocrx_word' id='word_1_132' title='bbox 94 1431 253 1478; x_wconf 89' lang='lat' dir='ltr'>neque</span> <span class='ocrx_word' id='word_1_133' title='bbox 300 1414 508 1463; x_wconf 86' lang='lat' dir='ltr'>fortuito</span> <span class='ocrx_word' id='word_1_134' title='bbox 562 1415 694 1462; x_wconf 92' lang='lat' dir='ltr'>inter</span> <span class='ocrx_word' id='word_1_135' title='bbox 740 1413 972 1476; x_wconf 88' lang='lat' dir='ltr'>aequales</span> <span class='ocrx_word' id='word_1_136' title='bbox 1019 1412 1079 1461; x_wconf 93' lang='lat' dir='ltr'>de</span> <span class='ocrx_word' id='word_1_137' title='bbox 1126 1412 1298 1460; x_wconf 88' lang='lat' dir='ltr'>eadem</span> <span class='ocrx_word' id='word_1_138' title='bbox 1345 1414 1556 1461; x_wconf 88' lang='lat' dir='ltr'>materia</span> <span class='ocrx_word' id='word_1_139' title='bbox 1606 1414 1798 1462; x_wconf 90' lang='lat' dir='ltr'>locutos</span> 
     </span>
    </p>
   </div>
   <div class='ocr_carea' id='block_1_5' title="bbox 0 2133 7 2206">
    <p class='ocr_par' dir='ltr' id='par_1_6' title="bbox 0 2133 7 2206">
     <span class='ocr_line' id='line_1_20' title="bbox 0 2133 7 2206; textangle 90"><span class='ocrx_word' id='word_1_140' title='bbox 0 2133 7 2206; x_wconf 58' lang='grc' dir='ltr'>..π-</span> 
     </span>
    </p>
   </div>
   <div class='ocr_carea' id='block_1_6' title="bbox 94 1485 1801 2594">
    <p class='ocr_par' dir='ltr' id='par_1_7' title="bbox 94 1485 1801 2594">
     <span class='ocr_line' id='line_1_21' title="bbox 94 1485 1799 1552; baseline -0.001 -15"><span class='ocrx_word' id='word_1_141' title='bbox 94 1488 401 1538; x_wconf 85' lang='lat' dir='ltr'>intercedere</span> <span class='ocrx_word' id='word_1_142' title='bbox 453 1504 613 1552; x_wconf 91' lang='lat' dir='ltr'>neque</span> <span class='ocrx_word' id='word_1_143' title='bbox 667 1503 726 1536; x_wconf 84' lang='lat' dir='ltr'>ex</span> <span class='ocrx_word' id='word_1_144' title='bbox 780 1487 951 1536; x_wconf 87' lang='lat' dir='ltr'>eodem</span> <span class='ocrx_word' id='word_1_145' title='bbox 1001 1485 1189 1536; x_wconf 85' lang='lat' dir='ltr'>Graeco</span> <span class='ocrx_word' id='word_1_146' title='bbox 1243 1487 1381 1536; x_wconf 89' lang='lat' dir='ltr'>fonte</span> <span class='ocrx_word' id='word_1_147' title='bbox 1437 1503 1667 1536; x_wconf 85' lang='lat' dir='ltr'>emanare</span> <span class='ocrx_word' id='word_1_148' title='bbox 1722 1503 1799 1536; x_wconf 89' lang='grc'>1116</span> 
     </span>
     <span class='ocr_line' id='line_1_22' title="bbox 95 1562 1800 1626; baseline -0.001 -14"><span class='ocrx_word' id='word_1_149' title='bbox 95 1563 259 1612; x_wconf 87' lang='lat' dir='ltr'>indice</span> <span class='ocrx_word' id='word_1_150' title='bbox 297 1565 478 1626; x_wconf 89' lang='lat' dir='ltr'>potuit.</span> <span class='ocrx_word' id='word_1_151' title='bbox 542 1578 846 1626; x_wconf 88' lang='lat' dir='ltr'>quamquam</span> <span class='ocrx_word' id='word_1_152' title='bbox 878 1562 1009 1610; x_wconf 90' lang='lat' dir='ltr'>enim</span> <span class='ocrx_word' id='word_1_153' title='bbox 1045 1578 1205 1610; x_wconf 89' lang='lat' dir='ltr'>sermo</span> <span class='ocrx_word' id='word_1_154' title='bbox 1243 1563 1467 1623; x_wconf 89' lang='lat' dir='ltr'>poeticus</span> <span class='ocrx_word' id='word_1_155' title='bbox 1507 1565 1558 1610; x_wconf 91' lang='lat' dir='ltr'>et</span> <span class='ocrx_word' id='word_1_156' title='bbox 1594 1562 1800 1626; x_wconf 84' lang='lat' dir='ltr'>figurae,</span> 
     </span>
     <span class='ocr_line' id='line_1_23' title="bbox 98 1637 1798 1700; baseline -0.001 -14"><span class='ocrx_word' id='word_1_157' title='bbox 98 1638 280 1700; x_wconf 91' lang='lat' dir='ltr'>quibus</span> <span class='ocrx_word' id='word_1_158' title='bbox 335 1637 544 1700; x_wconf 86' lang='lat' dir='ltr'>spiritus</span> <span class='ocrx_word' id='word_1_159' title='bbox 599 1641 886 1700; x_wconf 84' lang='lat' dir='ltr'>ceteraeque</span> <span class='ocrx_word' id='word_1_160' title='bbox 939 1638 1151 1685; x_wconf 88' lang='lat' dir='ltr'>naturae</span> <span class='ocrx_word' id='word_1_161' title='bbox 1201 1637 1331 1685; x_wconf 85' lang='lat' dir='ltr'>vires</span> <span class='ocrx_word' id='word_1_162' title='bbox 1381 1639 1637 1699; x_wconf 86' lang='lat' dir='ltr'>tamquam</span> <span class='ocrx_word' id='word_1_163' title='bbox 1690 1653 1798 1699; x_wconf 89' lang='lat' dir='ltr'>per-</span> 
     </span>
     <span class='ocr_line' id='line_1_24' title="bbox 96 1711 1800 1771; baseline -0.001 -10"><span class='ocrx_word' id='word_1_164' title='bbox 96 1727 248 1762; x_wconf 82' lang='lat' dir='ltr'>sonae</span> <span class='ocrx_word' id='word_1_165' title='bbox 299 1716 348 1760; x_wconf 89' lang='lat' dir='ltr'>et</span> <span class='ocrx_word' id='word_1_166' title='bbox 398 1712 637 1761; x_wconf 87' lang='lat' dir='ltr'>animalia</span> <span class='ocrx_word' id='word_1_167' title='bbox 691 1711 1093 1771; x_wconf 85' lang='lat' dir='ltr'>introducuntur,</span> <span class='ocrx_word' id='word_1_168' title='bbox 1140 1711 1203 1758; x_wconf 90' lang='lat' dir='ltr'>ad</span> <span class='ocrx_word' id='word_1_169' title='bbox 1259 1727 1568 1760; x_wconf 90' lang='lat' dir='ltr'>communem</span> <span class='ocrx_word' id='word_1_170' title='bbox 1617 1711 1800 1760; x_wconf 90' lang='lat' dir='ltr'>utrius-</span> 
     </span>
     <span class='ocr_line' id='line_1_25' title="bbox 96 1785 1801 1850; baseline -0.001 -15"><span class='ocrx_word' id='word_1_171' title='bbox 96 1803 196 1850; x_wconf 87' lang='lat' dir='ltr'>que</span> <span class='ocrx_word' id='word_1_172' title='bbox 256 1787 444 1836; x_wconf 89' lang='lat' dir='ltr'>fontem</span> <span class='ocrx_word' id='word_1_173' title='bbox 504 1787 736 1848; x_wconf 91' lang='lat' dir='ltr'>redeunt,</span> <span class='ocrx_word' id='word_1_174' title='bbox 798 1785 1001 1835; x_wconf 91' lang='lat' dir='ltr'>obstant</span> <span class='ocrx_word' id='word_1_175' title='bbox 1060 1789 1230 1835; x_wconf 87' lang='lat' dir='ltr'>tamen</span> <span class='ocrx_word' id='word_1_176' title='bbox 1284 1802 1428 1835; x_wconf 84' lang='lat' dir='ltr'>voces</span> <span class='ocrx_word' id='word_1_177' title='bbox 1481 1785 1694 1834; x_wconf 90' lang='lat' dir='ltr'>Latinae</span> <span class='ocrx_word' id='word_1_178' title='bbox 1750 1789 1801 1835; x_wconf 89' lang='lat' dir='ltr'>et</span> 
     </span>
     <span class='ocr_line' id='line_1_26' title="bbox 96 1860 1800 1925; baseline 0.001 -16"><span class='ocrx_word' id='word_1_179' title='bbox 96 1861 424 1925; x_wconf 72' lang='lat' dir='ltr'>sententiolae</span> <span class='ocrx_word' id='word_1_180' title='bbox 478 1863 664 1910; x_wconf 89' lang='lat' dir='ltr'>mirum</span> <span class='ocrx_word' id='word_1_181' title='bbox 715 1861 769 1909; x_wconf 92' lang='lat' dir='ltr'>in</span> <span class='ocrx_word' id='word_1_182' title='bbox 822 1860 1025 1909; x_wconf 89' lang='lat' dir='ltr'>modum</span> <span class='ocrx_word' id='word_1_183' title='bbox 1080 1862 1444 1923; x_wconf 85' lang='lat' dir='ltr'>conspirantes,</span> <span class='ocrx_word' id='word_1_184' title='bbox 1499 1877 1560 1909; x_wconf 92' lang='lat' dir='ltr'>ne</span> <span class='ocrx_word' id='word_1_185' title='bbox 1607 1862 1800 1910; x_wconf 89' lang='lat' dir='ltr'>Aetnae</span> 
     </span>
     <span class='ocr_line' id='line_1_27' title="bbox 96 1934 1800 1992; baseline 0.001 -8"><span class='ocrx_word' id='word_1_186' title='bbox 96 1951 298 1985; x_wconf 89' lang='lat' dir='ltr'>carmen</span> <span class='ocrx_word' id='word_1_187' title='bbox 350 1939 466 1985; x_wconf 88' lang='lat' dir='ltr'>ante</span> <span class='ocrx_word' id='word_1_188' title='bbox 512 1935 781 1984; x_wconf 85' lang='lat' dir='ltr'>Naturales</span> <span class='ocrx_word' id='word_1_189' title='bbox 828 1934 1152 1992; x_wconf 87' lang='lat' dir='ltr'>Quaestiones</span> <span class='ocrx_word' id='word_1_190' title='bbox 1199 1951 1370 1984; x_wconf 90' lang='lat' dir='ltr'>earum</span> <span class='ocrx_word' id='word_1_191' title='bbox 1419 1935 1560 1983; x_wconf 91' lang='lat' dir='ltr'>nulla</span> <span class='ocrx_word' id='word_1_192' title='bbox 1605 1938 1800 1985; x_wconf 86' lang='lat' dir='ltr'>ratione</span> 
     </span>
     <span class='ocr_line' id='line_1_28' title="bbox 96 2010 1800 2073; baseline 0 -15"><span class='ocrx_word' id='word_1_193' title='bbox 96 2010 273 2059; x_wconf 86' lang='lat' dir='ltr'>habita</span> <span class='ocrx_word' id='word_1_194' title='bbox 310 2011 639 2073; x_wconf 91' lang='lat' dir='ltr'>compositum</span> <span class='ocrx_word' id='word_1_195' title='bbox 679 2026 784 2060; x_wconf 89' lang='lat' dir='ltr'>esse</span> <span class='ocrx_word' id='word_1_196' title='bbox 823 2010 1140 2059; x_wconf 88' lang='lat' dir='ltr'>coniciamus.</span> <span class='ocrx_word' id='word_1_197' title='bbox 1213 2027 1275 2059; x_wconf 90' lang='lat' dir='ltr'>ne</span> <span class='ocrx_word' id='word_1_198' title='bbox 1313 2011 1650 2073; x_wconf 87' lang='lat' dir='ltr'>praefationes</span> <span class='ocrx_word' id='word_1_199' title='bbox 1692 2011 1800 2073; x_wconf 93' lang='lat' dir='ltr'>qui-</span> 
     </span>
     <span class='ocr_line' id='line_1_29' title="bbox 97 2083 1800 2148; baseline 0 -15"><span class='ocrx_word' id='word_1_200' title='bbox 97 2085 211 2134; x_wconf 89' lang='lat' dir='ltr'>dem</span> <span class='ocrx_word' id='word_1_201' title='bbox 265 2083 481 2134; x_wconf 87' lang='lat' dir='ltr'>Senecae</span> <span class='ocrx_word' id='word_1_202' title='bbox 535 2085 830 2148; x_wconf 80' lang='lat' dir='ltr'>praeterisse</span> <span class='ocrx_word' id='word_1_203' title='bbox 884 2084 1083 2134; x_wconf 88' lang='lat' dir='ltr'>videtur</span> <span class='ocrx_word' id='word_1_204' title='bbox 1135 2088 1307 2148; x_wconf 85' lang='lat' dir='ltr'>poeta,</span> <span class='ocrx_word' id='word_1_205' title='bbox 1362 2085 1422 2133; x_wconf 89' lang='lat' dir='ltr'>cf.</span> <span class='ocrx_word' id='word_1_206' title='bbox 1463 2085 1563 2133; x_wconf 89' lang='lat' dir='ltr'>VH</span> <span class='ocrx_word' id='word_1_207' title='bbox 1606 2088 1631 2133; x_wconf 89' lang='lat'>1</span> <span class='ocrx_word' id='word_1_208' title='bbox 1687 2102 1800 2134; x_wconf 92' lang='lat' dir='ltr'>cum</span> 
     </span>
     <span class='ocr_line' id='line_1_30' title="bbox 97 2154 1796 2225; baseline 0.001 -17"><span class='ocrx_word' id='word_1_209' title='bbox 97 2160 289 2208; x_wconf 86' lang='lat' dir='ltr'>Aetnae</span> <span class='ocrx_word' id='word_1_210' title='bbox 328 2160 549 2209; x_wconf 83' lang='lat' dir='ltr'>versibus</span> <span class='ocrx_word' id='word_1_211' title='bbox 591 2161 698 2208; x_wconf 84' lang='lat'>224</span> <span class='ocrx_word' id='word_1_212' title='bbox 716 2176 823 2223; x_wconf 90' lang='lat' dir='ltr'>sqq.</span> <span class='ocrx_word' id='word_1_213' title='bbox 857 2162 908 2208; x_wconf 91' lang='lat' dir='ltr'>et</span> <span class='ocrx_word' id='word_1_214' title='bbox 941 2161 1044 2207; x_wconf 85' lang='lat'>251</span> <span class='ocrx_word' id='word_1_215' title='bbox 1090 2154 1165 2225; x_wconf 89' lang='lat' dir='ltr'>[et</span> <span class='ocrx_word' id='word_1_216' title='bbox 1202 2160 1414 2208; x_wconf 89' lang='lat' dir='ltr'>fortasse</span> <span class='ocrx_word' id='word_1_217' title='bbox 1456 2159 1534 2207; x_wconf 88' lang='lat'>111</span> <span class='ocrx_word' id='word_1_218' title='bbox 1572 2161 1726 2222; x_wconf 87' lang='lat' dir='ltr'>praef.</span> <span class='ocrx_word' id='word_1_219' title='bbox 1766 2162 1796 2209; x_wconf 90' lang='lat'><strong>3</strong></span> 
     </span>
     <span class='ocr_line' id='line_1_31' title="bbox 97 2231 1798 2297; baseline 0 -14"><span class='ocrx_word' id='word_1_220' title='bbox 97 2250 211 2283; x_wconf 87' lang='lat' dir='ltr'>cum</span> <span class='ocrx_word' id='word_1_221' title='bbox 246 2235 435 2285; x_wconf 88' lang='lat' dir='ltr'>Aetnae</span> <span class='ocrx_word' id='word_1_222' title='bbox 472 2251 512 2282; x_wconf 82' lang='lat' dir='ltr'>v.</span> <span class='ocrx_word' id='word_1_223' title='bbox 541 2231 653 2297; x_wconf 85' lang='lat'>24].</span> <span class='ocrx_word' id='word_1_224' title='bbox 715 2251 779 2283; x_wconf 91' lang='lat' dir='ltr'>an</span> <span class='ocrx_word' id='word_1_225' title='bbox 817 2237 875 2282; x_wconf 91' lang='lat' dir='ltr'>tu</span> <span class='ocrx_word' id='word_1_226' title='bbox 912 2234 1039 2282; x_wconf 90' lang='lat' dir='ltr'>illud</span> <span class='ocrx_word' id='word_1_227' title='bbox 1078 2235 1319 2297; x_wconf 89' lang='lat' dir='ltr'>placitum</span> <span class='ocrx_word' id='word_1_228' title='bbox 1351 2235 1403 2282; x_wconf 91' lang='lat' dir='ltr'>in</span> <span class='ocrx_word' id='word_1_229' title='bbox 1443 2235 1579 2283; x_wconf 88' lang='lat' dir='ltr'>fonte</span> <span class='ocrx_word' id='word_1_230' title='bbox 1612 2233 1798 2284; x_wconf 86' lang='lat' dir='ltr'>Graeco</span> 
     </span>
     <span class='ocr_line' id='line_1_32' title="bbox 96 2307 1800 2372; baseline 0.001 -15"><span class='ocrx_word' id='word_1_231' title='bbox 96 2308 253 2357; x_wconf 83' lang='lat' dir='ltr'>fuisse</span> <span class='ocrx_word' id='word_1_232' title='bbox 306 2307 489 2372; x_wconf 82' lang='lat' dir='ltr'>putas?</span> <span class='ocrx_word' id='word_1_233' title='bbox 543 2308 685 2371; x_wconf 91' lang='lat' dir='ltr'>quid,</span> <span class='ocrx_word' id='word_1_234' title='bbox 740 2308 874 2372; x_wconf 91' lang='lat' dir='ltr'>quod</span> <span class='ocrx_word' id='word_1_235' title='bbox 927 2309 1030 2357; x_wconf 90' lang='lat' dir='ltr'>alia</span> <span class='ocrx_word' id='word_1_236' title='bbox 1084 2324 1283 2372; x_wconf 92' lang='lat' dir='ltr'>quoque</span> <span class='ocrx_word' id='word_1_237' title='bbox 1339 2308 1552 2358; x_wconf 90' lang='lat' dir='ltr'>Senecae</span> <span class='ocrx_word' id='word_1_238' title='bbox 1611 2310 1800 2372; x_wconf 88' lang='lat' dir='ltr'>scripta</span> 
     </span>
     <span class='ocr_line' id='line_1_33' title="bbox 99 2382 1798 2449; baseline 0 -17"><span class='ocrx_word' id='word_1_239' title='bbox 99 2387 277 2446; x_wconf 85' lang='lat' dir='ltr'>poetae</span> <span class='ocrx_word' id='word_1_240' title='bbox 334 2382 696 2432; x_wconf 81' lang='lat' dir='ltr'>innotuerunt?</span> <span class='ocrx_word' id='word_1_241' title='bbox 780 2384 982 2432; x_wconf 89' lang='lat' dir='ltr'>initium</span> <span class='ocrx_word' id='word_1_242' title='bbox 1039 2384 1170 2432; x_wconf 89' lang='lat' dir='ltr'>enim</span> <span class='ocrx_word' id='word_1_243' title='bbox 1225 2383 1454 2432; x_wconf 88' lang='lat' dir='ltr'>Herculis</span> <span class='ocrx_word' id='word_1_244' title='bbox 1509 2384 1798 2449; x_wconf 85' lang='lat' dir='ltr'>tragoediae</span> 
     </span>
     <span class='ocr_line' id='line_1_34' title="bbox 97 2456 1801 2522; baseline 0.001 -16"><span class='ocrx_word' id='word_1_245' title='bbox 97 2457 150 2506; x_wconf 89' lang='lat' dir='ltr'>in</span> <span class='ocrx_word' id='word_1_246' title='bbox 205 2459 369 2507; x_wconf 86' lang='lat' dir='ltr'>Aetna</span> <span class='ocrx_word' id='word_1_247' title='bbox 423 2473 708 2521; x_wconf 84' lang='lat' dir='ltr'>expressum</span> <span class='ocrx_word' id='word_1_248' title='bbox 761 2473 866 2507; x_wconf 85' lang='lat' dir='ltr'>esse</span> <span class='ocrx_word' id='word_1_249' title='bbox 922 2457 1130 2507; x_wconf 88' lang='lat' dir='ltr'>Carolus</span> <span class='ocrx_word' id='word_1_250' title='bbox 1182 2456 1395 2521; x_wconf 84' lang='lat' dir='ltr'>Catholy</span> <span class='ocrx_word' id='word_1_251' title='bbox 1450 2473 1587 2506; x_wconf 88' lang='lat' dir='ltr'>meus</span> <span class='ocrx_word' id='word_1_252' title='bbox 1641 2476 1801 2522; x_wconf 90' lang='lat' dir='ltr'>nuper</span> 
     </span>
     <span class='ocr_line' id='line_1_35' title="bbox 97 2531 1799 2594; baseline 0.001 -13"><span class='ocrx_word' id='word_1_253' title='bbox 97 2531 405 2594; x_wconf 82' lang='lat' dir='ltr'>observavit,</span> <span class='ocrx_word' id='word_1_254' title='bbox 455 2533 515 2582; x_wconf 90' lang='lat' dir='ltr'>cf.</span> <span class='ocrx_word' id='word_1_255' title='bbox 557 2532 700 2582; x_wconf 87' lang='lat' dir='ltr'>Herc.</span> <span class='ocrx_word' id='word_1_256' title='bbox 751 2549 796 2582; x_wconf 83' lang='lat' dir='ltr'>v.</span> <span class='ocrx_word' id='word_1_257' title='bbox 838 2535 871 2581; x_wconf 87' lang='grc'>4</span> <span class='ocrx_word' id='word_1_258' title='bbox 921 2548 1282 2594; x_wconf 80' lang='lat' dir='ltr'>quacumque</span> <span class='ocrx_word' id='word_1_259' title='bbox 1331 2534 1520 2582; x_wconf 74' lang='lat' dir='ltr'>Nereus</span> <span class='ocrx_word' id='word_1_260' title='bbox 1561 2536 1799 2594; x_wconf 76' lang='lat' dir='ltr'>porriyi</span> 
     </span>
    </p>
   </div>
   <div class='ocr_carea' id='block_1_7' title="bbox 0 2608 1800 2669">
    <p class='ocr_par' dir='ltr' id='par_1_8' title="bbox 0 2608 1800 2669">
     <span class='ocr_line' id='line_1_36' title="bbox 0 2608 1800 2669; baseline 0 -12"><span class='ocrx_word' id='word_1_261' title='bbox 0 2654 2 2657; x_wconf 88' lang='lat'>.</span> <span class='ocrx_word' id='word_1_262' title='bbox 97 2609 293 2655; x_wconf 77' lang='lat' dir='ltr'>terras</span> <span class='ocrx_word' id='word_1_263' title='bbox 343 2611 469 2656; x_wconf 74' lang='lat' dir='ltr'>vetat</span> <span class='ocrx_word' id='word_1_264' title='bbox 512 2611 564 2656; x_wconf 91' lang='lat' dir='ltr'>et</span> <span class='ocrx_word' id='word_1_265' title='bbox 601 2608 794 2657; x_wconf 88' lang='lat' dir='ltr'>Aetnae</span> <span class='ocrx_word' id='word_1_266' title='bbox 834 2624 878 2659; x_wconf 77' lang='lat' dir='ltr'>v,</span> <span class='ocrx_word' id='word_1_267' title='bbox 921 2608 990 2656; x_wconf 86' lang='lat'>94</span> <span class='ocrx_word' id='word_1_268' title='bbox 1030 2622 1389 2669; x_wconf 78' lang='lat' dir='ltr'>quacumque</span> <span class='ocrx_word' id='word_1_269' title='bbox 1438 2610 1702 2656; x_wconf 70' lang='lat' dir='ltr'>immmsus</span> <span class='ocrx_word' id='word_1_270' title='bbox 1748 2622 1800 2657; x_wconf 85' lang='lat' dir='ltr'>se</span> 
     </span>
    </p>
   </div>
   <div class='ocr_carea' id='block_1_8' title="bbox 98 2683 1800 3033">
    <p class='ocr_par' dir='ltr' id='par_1_9' title="bbox 98 2683 1800 3033">
     <span class='ocr_line' id='line_1_37' title="bbox 98 2683 1800 2743; baseline 0.001 -14"><span class='ocrx_word' id='word_1_271' title='bbox 98 2683 295 2730; x_wconf 71' lang='lat' dir='ltr'>terrae</span> <span class='ocrx_word' id='word_1_272' title='bbox 334 2684 599 2743; x_wconf 67' lang='lat' dir='ltr'>porriyit</span> <span class='ocrx_word' id='word_1_273' title='bbox 642 2683 774 2731; x_wconf 81' lang='lat' dir='ltr'>orbis</span> <span class='ocrx_word' id='word_1_274' title='bbox 813 2684 1100 2743; x_wconf 72' lang='lat' dir='ltr'>extremique</span> <span class='ocrx_word' id='word_1_275' title='bbox 1137 2684 1294 2731; x_wconf 83' lang='lat' dir='ltr'>maris</span> <span class='ocrx_word' id='word_1_276' title='bbox 1332 2685 1494 2731; x_wconf 79' lang='lat' dir='ltr'>curvis</span> <span class='ocrx_word' id='word_1_277' title='bbox 1533 2684 1800 2741; x_wconf 69' lang='lat' dir='ltr'>v&#39;mcz‘mn’tur</span> 
     </span>
     <span class='ocr_line' id='line_1_38' title="bbox 98 2755 1799 2821; baseline 0.001 -17"><span class='ocrx_word' id='word_1_278' title='bbox 98 2755 262 2805; x_wconf 75' lang='lat' dir='ltr'>undis.</span> <span class='ocrx_word' id='word_1_279' title='bbox 322 2772 480 2819; x_wconf 86' lang='lat' dir='ltr'>neque</span> <span class='ocrx_word' id='word_1_280' title='bbox 513 2757 670 2821; x_wconf 85' lang='lat' dir='ltr'>igitur</span> <span class='ocrx_word' id='word_1_281' title='bbox 700 2756 922 2818; x_wconf 90' lang='lat' dir='ltr'>dubium,</span> <span class='ocrx_word' id='word_1_282' title='bbox 954 2756 1076 2819; x_wconf 90' lang='lat' dir='ltr'>quin</span> <span class='ocrx_word' id='word_1_283' title='bbox 1107 2756 1325 2819; x_wconf 89' lang='lat' dir='ltr'>pendeat</span> <span class='ocrx_word' id='word_1_284' title='bbox 1355 2761 1504 2820; x_wconf 89' lang='lat' dir='ltr'>poeta</span> <span class='ocrx_word' id='word_1_285' title='bbox 1536 2772 1565 2805; x_wconf 89' lang='lat' dir='ltr'>a</span> <span class='ocrx_word' id='word_1_286' title='bbox 1598 2755 1799 2818; x_wconf 87' lang='lat' dir='ltr'>Seneca,</span> 
     </span>
     <span class='ocr_line' id='line_1_39' title="bbox 100 2830 1800 2916; baseline 0.001 -38"><span class='ocrx_word' id='word_1_287' title='bbox 100 2845 262 2892; x_wconf 85' lang='lat' dir='ltr'>neque</span> <span class='ocrx_word' id='word_1_288' title='bbox 294 2830 418 2879; x_wconf 89' lang='lat' dir='ltr'>mihi</span> <span class='ocrx_word' id='word_1_289' title='bbox 446 2830 662 2916; x_wconf 67' lang='lat' dir='ltr'>quidem,</span> <span class='ocrx_word' id='word_1_290' title='bbox 694 2833 815 2894; x_wconf 88' lang='lat' dir='ltr'>quin</span> <span class='ocrx_word' id='word_1_291' title='bbox 849 2830 1074 2879; x_wconf 88' lang='lat' dir='ltr'>Lucilius</span> <span class='ocrx_word' id='word_1_292' title='bbox 1106 2830 1192 2879; x_wconf 89' lang='lat' dir='ltr'>ille</span> <span class='ocrx_word' id='word_1_293' title='bbox 1225 2846 1329 2880; x_wconf 90' lang='lat' dir='ltr'>esse</span> <span class='ocrx_word' id='word_1_294' title='bbox 1362 2833 1595 2894; x_wconf 88' lang='lat' dir='ltr'>potuerit.</span> <span class='ocrx_word' id='word_1_295' title='bbox 1648 2834 1800 2894; x_wconf 87' lang='lat' dir='ltr'>atque</span> 
     </span>
     <span class='ocr_line' id='line_1_40' title="bbox 99 2904 1798 2963; baseline 0.001 -11"><span class='ocrx_word' id='word_1_296' title='bbox 99 2904 203 2952; x_wconf 85' lang='lat' dir='ltr'>iam</span> <span class='ocrx_word' id='word_1_297' title='bbox 234 2919 429 2954; x_wconf 81' lang='lat' dir='ltr'>carmen</span> <span class='ocrx_word' id='word_1_298' title='bbox 466 2907 739 2955; x_wconf 86' lang='lat' dir='ltr'>miserrime</span> <span class='ocrx_word' id='word_1_299' title='bbox 777 2905 1018 2954; x_wconf 88' lang='lat' dir='ltr'>traditum</span> <span class='ocrx_word' id='word_1_300' title='bbox 1051 2905 1381 2954; x_wconf 88' lang='lat' dir='ltr'>Naturalibus</span> <span class='ocrx_word' id='word_1_301' title='bbox 1415 2905 1798 2963; x_wconf 86' lang='lat' dir='ltr'>Quaestionibus</span> 
     </span>
     <span class='ocr_line' id='line_1_41' title="bbox 191 2987 1529 3033; baseline 0.002 -5"><span class='ocrx_word' id='word_1_302' title='bbox 191 2994 421 3028; x_wconf 64' lang='lat' dir='ltr'>snmus</span> <span class='ocrx_word' id='word_1_303' title='bbox 396 3003 597 3028; x_wconf 66' lang='grc' dir='ltr'><strong>κΑτυιΑι..</strong></span> <span class='ocrx_word' id='word_1_304' title='bbox 623 3003 778 3033; x_wconf 73' lang='lat' dir='ltr'>quun·</span> <span class='ocrx_word' id='word_1_305' title='bbox 782 2996 871 3029; x_wconf 66' lang='grc' dir='ltr'>,αι</span> <span class='ocrx_word' id='word_1_306' title='bbox 897 2996 958 3029; x_wconf 87' lang='lat' dir='ltr'>Ge</span> <span class='ocrx_word' id='word_1_307' title='bbox 995 2997 1079 3029; x_wconf 77' lang='lat' dir='ltr'>oko</span> <span class='ocrx_word' id='word_1_308' title='bbox 1499 2987 1529 3031; x_wconf 92' lang='lat' dir='ltr'>b</span> 
     </span>
    </p>
   </div>
  </div>
 </body>
</html>
