1988 3138
0 0 42 122 Ε

6 214 38 308 ξ
95 228 335 281 obiectae
374 225 478 278 sibi
516 243 713 293 morae,
750 224 911 278 fidem
941 243 1054 278 non
1083 224 1246 278 habet
1274 224 1563 294 turbinem,
1593 226 1796 278 violen-

6 282 13 318 δ
93 301 363 356 tissimum
414 303 468 352 et
520 299 1045 369 perturbatissimum
1101 300 1435 367 tempestatis
1492 318 1660 371 genus
1669 342 1684 369 ,
1738 300 1796 352 in

93 375 298 429 medios
338 373 572 427 siderum
613 374 825 427 ordines
863 373 1141 443 pervenire
1180 377 1233 426 et
1272 373 1412 426 inter
1442 374 1703 444 disposita.
1733 392 1797 429 ac

94 448 387 518 tranquilla
415 449 629 501 versari.
694 447 969 501 credamus
1009 448 1190 519 ignem
1227 448 1548 502 circumacto
1581 448 1795 502 turbine

95 522 311 578 accendi
350 526 404 575 et
452 522 597 576 hunc
635 523 921 592 expulsum
972 523 1029 574 in
1080 521 1308 575 sublime
1347 523 1599 592 praebere
1637 523 1794 576 nobis

43 600 45 602 ’
94 598 404 669 opinionem
452 597 790 666 speciemque
840 596 1028 649 sideris
1080 598 1253 666 longi:
1307 600 1457 666 puto,
1511 597 1635 650 talis
1683 615 1796 651 esse
1846 631 1849 633 -

94 673 267 741 debet,
305 672 462 740 quale
494 674 576 724 est
612 671 683 739 id,
714 672 858 740 quod
898 671 1078 742 ignem
1118 671 1307 741 efficit3
1346 673 1577 726 turbinis
1618 675 1795 725 autem

0 796 2 804 .
92 747 325 801 rotunda
362 746 527 799 facies
566 749 649 798 est
688 745 769 817 (in
807 746 993 799 eodem
1032 746 1174 799 enim
1207 746 1436 817 vestigio
1468 749 1714 800 versatur
1743 750 1797 800 et
1867 807 1873 813 ⁴

0 823 2 878 ἰ
94 823 375 877 columnae
405 820 568 873 modo
601 821 1013 891 circumagentis
1047 839 1102 873 se
1133 819 1415 892 volvitur):
1456 839 1582 893 crgo
1616 822 1796 892 ignem

93 914 324 966 quoque,
378 896 472 964 qui
526 895 765 948 inclusus
822 898 922 962 est,
978 896 1208 948 similem
1264 914 1378 948 esse
1432 897 1514 949 illi
1569 898 1798 965 oportet²

94 972 245 1039 atqui
297 971 493 1041 longus
548 972 630 1022 est
685 973 739 1022 et
793 970 1047 1023 disiectus
1109 970 1436 1040 minimeque
1491 969 1682 1024 similis
1741 970 1797 1022 in

95 1045 280 1099 orbem
320 1048 521 1098 coacto.

210 1120 293 1172 11
344 1118 677 1190 Epigenen
727 1120 1092 1189 relinquamus
1145 1123 1198 1172 et
1248 1120 1475 1173 aliorum
1516 1120 1796 1189 opiniones

93 1212 491 1279 persequamur.
555 1211 688 1263 quas
727 1198 1013 1263 antequam
1046 1212 1312 1263 exponere
1352 1195 1624 1263 incipiam,
1662 1193 1798 1247 illud

95 1269 361 1338 imprimis
392 1269 840 1353 praesumendum
873 1273 969 1337 est,
1002 1272 1235 1322 cometas
1266 1288 1376 1322 non
1407 1270 1464 1322 in
1503 1288 1611 1322 una
1647 1273 1798 1338 parte

94 1344 228 1396 caeli
268 1343 437 1413 aspici
475 1360 574 1395 nec
613 1343 670 1396 in
709 1343 966 1414 signifero
1014 1346 1226 1396 tantum
1267 1345 1395 1397 orbe
1443 1344 1535 1397 sed
1582 1347 1694 1396 tam
1741 1343 1799 1397 in

95 1422 216 1472 ortu
257 1436 419 1486 quam
459 1418 516 1469 in
555 1435 771 1486 occasu,
809 1418 1242 1486 frequentissime
1281 1422 1463 1471 tamen
1502 1419 1644 1473 circa
1682 1431 1802 1488 sep-'

94 1492 432 1546 tenti-ionem.
501 1492 677 1545 forma
715 1492 1011 1561 eius†non
1058 1497 1140 1546 est
1186 1511 1313 1546 una·
1361 1494 1605 1578 quamvis
1654 1493 1798 1546 enim

95 1564 285 1620 Graeci
341 1566 653 1620 discrimina
705 1567 930 1620 fecerint
983 1586 1191 1636 eorum,
1240 1569 1435 1637 quibus
1490 1569 1547 1620 in
1594 1586 1799 1621 morem

95 1641 291 1695 barbae
329 1641 547 1694 flamma
593 1641 872 1711 dependet,
910 1645 965 1695 et
1011 1661 1212 1711 eorum,
1252 1643 1345 1712 qui
1383 1643 1621 1711 undique
1660 1643 1800 1696 circa

96 1734 152 1770 se
189 1715 339 1770 velut
377 1733 585 1769 comam
627 1720 902 1788 spargunt,
942 1720 996 1769 et
1033 1735 1234 1785 eorum,
1266 1717 1461 1786 quibus
1501 1717 1652 1770 fusus
1686 1718 1800 1787 qui-

97 1790 217 1845 dem
256 1795 338 1844 est
387 1791 529 1862 ignis
570 1790 662 1844 sed
712 1791 770 1843 in
808 1792 1063 1845 verticem
1117 1759 1356 1860 tendens,
1394 1796 1574 1845 tamen
1615 1810 1798 1845 omnes

95 1865 188 1919 isti
242 1866 477 1919 eiusdem
532 1869 692 1919 notae
756 1870 881 1919 sunt
939 1870 1283 1935 cometaeque
1336 1870 1479 1919 recte
1534 1866 1797 1920 dicuntur.

97 1957 325 2010 quorum
365 1957 487 1994 cum
539 1944 665 2010 post
712 1941 936 2012 longum
988 1944 1200 2011 tempus
1242 1944 1534 2011 appareant
1580 1942 1800 2011 formae,

96 2015 236 2068 inter
274 2033 329 2068 se
368 2033 460 2068 eos
500 2033 809 2085 comparare
850 2014 1069 2068 difficile
1109 2020 1211 2069 est:
1252 2017 1346 2070 illo
1387 2017 1504 2086 ipso
1545 2020 1799 2086 tempore,

97 2107 204 2160 quo
243 2094 519 2159 apparent,
570 2090 709 2142 inter
748 2093 1050 2160 spectantes
1090 2090 1154 2142 de
1193 2091 1382 2144 habitu
1433 2091 1649 2144 illorum
1690 2109 1801 2144 non

97 2164 351 2219 convenit
399 2163 508 2233 sed,
556 2168 720 2234 prout
770 2165 963 2235 cuique
1011 2166 1184 2218 acrior
1223 2166 1361 2219 acies
1415 2169 1508 2218 aut
1556 2165 1802 2219 hebetior

95 2242 193 2307 cst,
242 2239 318 2291 ita
367 2239 443 2291 ait
491 2244 583 2292 aut
632 2239 945 2294 lucidiorem
986 2258 1101 2293 esse
1140 2244 1234 2293 aut
1271 2239 1707 2294 rubicundiorem
1747 2243 1802 2293 et

450 103 676 148 NATUR.
711 102 962 158 QUAEST.
995 102 1103 147 LIB.
1138 102 1235 147 VH.
1269 107 1429 147 9—11.
1686 102 1795 156 245

215 2449 244 2489 2
269 2449 411 2503 temp.
438 2448 487 2489 et
513 2449 633 2503 pert.
658 2446 756 2491 coll.
774 2447 813 2491 ό
835 2447 850 2504 Η
873 2450 902 2489 4
927 2446 1190 2515 credamus]
1223 2448 1279 2503 cf.
1306 2449 1488 2504 p.244‚
1514 2451 1574 2491 18
1598 2448 1612 2505 ΙΙ
1638 2451 1664 2491 8
1688 2446 1799 2491 talis

97 2503 224 2549 012
277 2503 413 2562 talafl
444 2509 470 2548 8
495 2505 715 2574 vestigio]
745 2519 828 2550 om.
855 2506 894 2551 δ
918 2508 1005 2562 1118
1032 2506 1132 2550 eius
1163 2506 1298 2611 ιιοιιὲ
1311 2508 1598 2551 cometarum
1629 2520 1723 2552 non
1747 2507 1800 2560 δ,

97 2562 198 2608 sius
277 2569 443 2620 ortua,
476 2564 544 2609 eis
578 2565 780 2610 Hermol.
807 2566 967 2620 Βακὰ,
1001 2566 1067 2611 eis
1101 2579 1207 2610 vero
1293 2580 1415 2621 aase,
1447 2566 1514 2611 eis
1547 2569 1599 2611 ut
1631 2579 1801 2611 noman

27 2665 30 2677 ,
98 2622 216 2678 Iao,
262 2622 410 2668 oculis
457 2628 570 2669 nota
609 2625 855 2679 Schultess,
893 2640 985 2669 non
1027 2625 1171 2670 setius
1208 2626 1310 2680 Ge,
1356 2628 1453 2671 nisi
1494 2627 1636 2683 plura
1680 2626 1802 2671 velut

16 2693 30 2699 ’·
96 2695 244 2727 unam
285 2686 359 2728 est
395 2697 558 2742 genus,
598 2691 704 2729 ante
744 2684 894 2729 forma
933 2685 1032 2729 eius
1065 2699 1157 2730 non
1190 2687 1262 2730 cst
1293 2698 1387 2729 una
1427 2684 1755 2731 interciderunt
1785 2686 1800 2742 ΙΙ

34 2768 37 2773 -
97 2744 151 2785 is
180 2741 230 2786 in
260 2743 343 2802 m.]
375 2743 601 2789 minorem
634 2745 668 2788 λ
700 2747 715 2801 ΙΙ
746 2749 797 2788 81
830 2746 1032 2804 comam]
1066 2758 1223 2789 comas
1255 2745 1294 2790 δ’
1329 2747 1334 2803 Ι
1370 2746 1436 2804 ct]
1469 2759 1552 2790 om.
1587 2747 1660 2805 ρΙ
1696 2744 1802 2801 qui-

99 2800 225 2860 dem]
262 2807 369 2847 ante
400 2802 531 2848 funus
557 2804 639 2849 «5³.
671 2806 686 2861 Ι
717 2808 775 2847 24
807 2803 953 2849 forme
988 2831 1041 2837 —
1074 2809 1131 2848 25
1166 2805 1256 2863 est]
1291 2805 1318 2849 l
1343 2808 1408 2849 26
1438 2808 1544 2849 ante
1575 2760 1699 2849 inter
1729 2818 1797 2861 sp

19 2910 22 2923 .
98 2873 134 2919 ρ
163 2862 180 2917 Ι
209 2865 267 2905 2⁸
299 2864 372 2906 est
402 2863 766 2922 B(‹5?)111.o‹›z
819 2878 902 2907 om.
929 2866 1163 2920 (A)BJKl
1199 2864 1319 2923 esse]
1353 2868 1459 2909 ante
1490 2867 1538 2908 et
1562 2865 1600 2909 δ’
1634 2865 1640 2921 Ι
1676 2862 1798 2924 rub]

18 2939 19 2944 ¹
100 2922 313 2966 cometen
342 2922 561 2968 subaudit
590 2922 693 2968 Joh.
780 2924 911 2978 aller,
943 2923 1236 2981 splendorem
1269 2923 1540 2968 amam-12
