1988 3138
103 1406 324 1466 Explicit
358 1408 604 1467 septimus.

104 1480 292 1541 Incipit
329 1483 526 1529 octavus
564 1474 611 1529 H

105 1704 325 1764 Explicit
360 1704 483 1753 liber
512 1704 559 1751 V
583 1705 641 1753 de

179 1780 384 1827 cernetis.
458 1779 643 1839 Incipit

178 1853 301 1902 liber
333 1852 412 1902 VI
445 1853 503 1902 de
541 1854 641 1902 dis-

180 1928 486 1976 currentibus
518 1923 553 1976 Z

105 2076 324 2137 Explicit
349 2077 501 2124 VIII.
555 2078 640 2125 ln-

180 2153 298 2212 cipit
332 2150 441 2200 VII
473 2145 515 2200 G

785 84 1128 130 PRAEFATIO
1659 85 1811 131 XXIII

671 225 676 229 ·
735 211 960 259 Titulum
999 228 1094 260 om.
1136 205 1243 260 GH.
1307 213 1495 272 Incipit
1529 211 1711 261 Seneca
1749 213 1810 262 de

807 287 1121 335 naturalibus
1185 287 1514 347 questionibus
1575 281 1630 334 L.
1730 288 1809 336 De

807 362 1120 409 naturalibus
1158 363 1323 410 causis
1362 361 1470 409 Esc.
1502 377 1634 409 man.
1674 378 1746 424 pr.

732 434 805 481 IV
818 430 933 498 bsV.
975 429 1149 502 (Lucii
1187 428 1253 494 Η)
1298 438 1445 484 annei
1483 450 1646 484 senece
1684 432 1808 485 liber

807 510 914 557 III
936 503 1137 576 (tercius
1167 503 1238 575 H)
1271 511 1464 569 explicit
1493 511 1552 558 de
1580 511 1806 559 nubibus.

806 585 993 645 Incipit
1021 575 1262 651 IIII(us)
1302 584 1360 632 de
1397 587 1551 633 ventis
1590 578 1684 632 HL
1708 602 1807 650 mg.

806 659 1027 719 Explicit
1062 659 1183 707 liber
1214 659 1318 705 III
1351 659 1410 707 de
1445 659 1655 707 nivibus.
1720 660 1810 708 In-

806 736 924 794 cipit
953 734 1083 793 liber
1121 733 1260 780 IIII
1291 733 1349 781 de
1387 736 1541 782 ventis
1580 728 1614 781 Z

733 803 799 872 Vs
805 807 889 855 VI.
928 809 1150 869 Explicit
1185 808 1331 855 IIII.
1372 808 1560 868 Incipit
1608 808 1654 855 V
1686 809 1809 857 liber

810 876 887 930 L¹.
959 883 1178 943 Explicit
1214 882 1335 931 liber
1372 883 1511 930 IIII
1543 883 1602 931 de
1639 885 1808 931 ventis.

810 957 996 1017 Incipit
1046 958 1168 1006 liber
1216 957 1263 1005 V
1306 957 1365 1006 de
1418 960 1541 1005 terre
1593 961 1726 1005 motu
1772 952 1807 1006 Ζ

812 1026 985 1097 (mcii
1008 1025 1077 1099 Η)
1111 1034 1259 1080 annei
1282 1046 1478 1080 senecae
1499 1033 1810 1081 naturalimn

809 1109 1112 1167 questionum
1136 1108 1202 1155 ad
1232 1107 1455 1155 lucilium
1485 1109 1728 1156 iuniorem
1751 1107 1810 1156 de

807 1184 961 1230 ventis
1014 1182 1138 1230 liber
1182 1181 1321 1228 IIII
1368 1173 1566 1247 (incipit
1601 1175 1640 1228 L
1698 1181 1808 1230 add.

808 1256 894 1304 sed
932 1251 1051 1322 del.)
1092 1257 1296 1317 explicit.
1359 1256 1547 1316 Incipit
1594 1256 1711 1310 Vus
1751 1257 1809 1305 de

808 1334 964 1379 terrae
979 1334 1111 1379 motu
1131 1327 1212 1396 (de
1228 1335 1419 1379 tremor.
1433 1324 1498 1398 L)
1516 1324 1637 1378 HL²
1651 1347 1806 1395 marg.

734 1400 825 1469 VI]
829 1405 940 1453 VH.
996 1406 1216 1466 Explicit
1265 1406 1308 1453 V
1342 1406 1477 1462 liber,
1514 1407 1689 1466 incipit
1736 1405 1818 1454 VI

806 1474 860 1527 L.
916 1481 1136 1540 Explicit
1174 1481 1294 1528 liber
1332 1480 1373 1526 V
1402 1480 1461 1528 de
1499 1483 1623 1528 terre
1661 1484 1807 1528 motu.

806 1555 994 1615 Incipit
1041 1556 1163 1604 liber
1210 1558 1372 1603 sextus
1422 1555 1480 1603 de
1526 1557 1718 1603 cometis
1758 1550 1807 1603 Z.

806 1629 992 1690 Incipit
1028 1633 1190 1678 sextus
1228 1630 1350 1678 liber
1391 1621 1433 1676 G

733 1699 889 1767 VHJI.
923 1704 1144 1765 Explicit
1183 1705 1269 1752 VI.
1317 1704 1503 1764 Incipit
1545 1704 1658 1751 VII
1690 1704 1812 1753 liber

806 1772 861 1826 L.
924 1779 1144 1839 Explicit
1181 1779 1334 1827 Liber
1369 1777 1556 1826 Sextus.
1621 1779 1808 1839 Incipit

805 1851 1049 1914 Septimus
1088 1847 1147 1901 H.
1210 1853 1454 1914 Septimus
1493 1854 1668 1914 incipit
1707 1846 1749 1901 G

733 1921 841 1992 1in
897 1929 1117 1989 Explicit
1159 1921 1307 1994 (liber
1344 1922 1413 1994 H)
1465 1928 1585 1976 VII.
1624 1928 1812 1988 Incipit

814 2003 958 2050 VIII
967 1997 1062 2051 HL
1079 2020 1178 2068 mg.
1210 2004 1398 2063 Incipit
1412 2005 1608 2051 octavus
1625 2003 1747 2051 liber
1765 1996 1807 2051 G

732 2070 892 2142 nsm.
917 2078 1137 2138 Explicit
1159 2078 1280 2126 liber
1292 2078 1440 2125 Vm.
1464 2079 1639 2138 incipit
1660 2071 1808 2124 [ΧΗ

731 2147 902 2213 IIIJIV
915 2168 957 2200 a.
1000 2153 1219 2213 Explicit
1256 2153 1378 2201 liber
1410 2151 1499 2199 IX
1528 2144 1711 2219 (nonus
1742 2144 1807 2218 L)

805 2228 979 2287 incipit
1008 2227 1129 2275 liber
1163 2226 1215 2275 X
1244 2220 1325 2293 (X
1354 2227 1474 2275 liber
1505 2220 1559 2286 L,
1592 2227 1806 2275 decimus

807 2295 941 2368 Esc.)
983 2293 1126 2350 GHL
1152 2301 1261 2349 Esc.

731 2375 803 2423 IV
819 2392 860 2424 a.
903 2376 1028 2424 nihil
1068 2375 1407 2425 subscribitur.

219 2524 465 2573 Nimirum
523 2539 548 2571 e
603 2524 768 2574 codice
825 2525 1160 2574 Escurialensi
1214 2525 1260 2573 N
1291 2525 1370 2573 111
1407 2526 1471 2573 13
1530 2524 1656 2573 nihil
1710 2525 1807 2573 nisi

106 2598 282 2648 titulos
322 2598 558 2647 librorum
600 2598 750 2662 primi
789 2602 840 2648 et
877 2599 1044 2647 ultimi
1085 2602 1312 2649 enotatos
1351 2599 1603 2648 habemus.
1658 2599 1806 2662 plura

105 2672 166 2722 de
220 2672 667 2736 subscriptionibus
721 2673 784 2722 ab
837 2673 1039 2722 Alberto
1085 2674 1269 2738 Magno
1325 2675 1466 2722 lectis
1523 2676 1573 2722 et
1626 2675 1678 2722 in
1726 2690 1807 2722 ex-

105 2751 387 2811 cerptorum
426 2747 677 2797 codicibus
717 2741 791 2803 (M
830 2741 945 2815 cet.)
987 2749 1198 2812 adpictis
1246 2748 1424 2798 addere
1463 2764 1681 2811 possum,
1722 2747 1807 2797 sed

104 2836 304 2872 monere
366 2822 548 2871 sufficit
602 2824 655 2871 in
716 2822 793 2871 his
848 2838 1045 2886 quoque
1099 2822 1268 2872 decem
1330 2823 1481 2872 libros
1540 2822 1805 2871 numerari.

107 2911 138 2944 a
178 2898 353 2945 ceteris
403 2912 563 2946 meros
604 2912 793 2946 errores
833 2897 1059 2946 codicum
1100 2892 1134 2946 Z
1176 2900 1226 2946 et
1265 2890 1307 2947 G
1347 2897 1605 2963 segregavi
1655 2898 1806 2960 atque
