1988 3138
154 103 301 147 XLVI
835 103 1175 149 PRAEFATIO

157 229 303 277 modo
342 229 395 276 in
435 230 730 277 coniecturis
770 229 1029 278 afferendis
1068 246 1247 292 parcus
1287 232 1375 291 fui,
1406 232 1503 279 nisi
1534 233 1613 280 vel
1645 233 1707 280 ad
1748 248 1858 281 sen-

157 305 368 351 tentiam
400 304 480 351 vel
514 303 578 351 ad
615 305 809 351 textum
849 305 1212 352 restituendum
1250 305 1523 367 faciebant3
1564 311 1859 370 argumenta

158 393 430 439 causasque
469 378 691 439 proferre
730 394 828 426 non
867 380 1022 440 potui.
1102 395 1243 441 spero
1290 380 1447 444 igitur
1485 380 1686 429 Koeleri
1725 397 1854 430 com-

156 452 455 500 mentarium
489 452 756 514 aliquando
790 455 1063 500 correctum
1095 453 1157 500 ab
1191 454 1302 502 aliis
1336 457 1385 502 et
1416 456 1742 503 retractatum
1778 458 1856 505 iri.

269 527 438 587 Nunc,
478 527 595 573 dum
633 527 864 591 plagulas
903 543 1039 575 meas
1080 528 1255 591 legunt
1293 528 1572 577 Fridericus
1612 529 1729 590 Leo,
1771 531 1856 592 qui

156 603 258 649 iam
292 617 333 648 a.
366 602 505 648 1895
533 601 740 649 comiter
763 617 840 648 me
866 601 1073 666 adiuvit,
1102 602 1392 650 Franciscus
1420 603 1646 664 Skutsch,
1672 602 1857 652 Guilel-

158 691 268 723 mus
299 675 459 737 Kroll,
501 673 620 724 Otto
653 675 905 724 Rossbach
944 678 1108 724 totum
1146 677 1249 724 fere
1288 680 1723 738 pertractaverunt
1755 682 1858 727 tex·

148 753 291 800 tum:
329 750 507 797 horum
547 751 783 798 scientiae
824 752 873 797 et
912 750 1128 798 acumini
1163 750 1398 799 Senecam
1438 752 1652 799 multum
1685 753 1858 801 debere

158 840 485 886 unaquaeque
532 826 719 888 pagina
767 825 928 884 docet,
976 825 1122 886 plura
1168 824 1274 887 ipse
1324 825 1610 887 saepissime
1654 827 1859 875 edoctus

161 901 306 963 grato
348 900 514 946 animo
555 902 605 947 et
644 900 744 946 scio
782 901 831 946 et
861 899 1109 961 profiteor.
1165 902 1334 947 tamen
1366 916 1465 947 non
1499 901 1559 948 ad
1592 900 1740 949 finem
1770 917 1861 949 nos

157 974 442 1035 pervenisse
489 973 571 1022 sed
621 973 814 1021 aditum
859 976 1055 1021 tantum
1113 974 1175 1021 ad
1220 974 1488 1022 Naturales
1537 975 1860 1032 Quaestiones

159 1049 470 1111 patefactum
511 1063 614 1095 esse
653 1064 752 1095 non
783 1049 980 1111 ignoro,
1022 1048 1143 1096 adeo
1185 1049 1315 1096 enim
1356 1051 1616 1110 corruptae
1656 1050 1859 1097 tradun-

158 1125 242 1170 tur
266 1125 316 1170 et
340 1125 423 1170 vix
446 1123 716 1170 multorum
743 1124 1007 1171 coniuncta
1040 1125 1090 1170 et
1121 1123 1315 1171 intenta
1339 1139 1491 1185 opera
1514 1124 1858 1172 restituuntur.

160 1197 532 1245 coniecturandi
580 1212 697 1244 sane
742 1200 792 1244 et
831 1197 1114 1244 hariolandi
1154 1212 1357 1260 campus
1398 1200 1474 1245 est
1511 1198 1695 1262 largus,
1737 1200 1861 1247 artis

160 1272 294 1334 leges
336 1286 533 1319 severae
574 1274 690 1319 sunt
737 1275 785 1317 et
826 1271 1240 1333 circumscriptae.
1320 1275 1468 1333 atque
1510 1288 1656 1334 saepe
1697 1289 1722 1320 e
1760 1290 1860 1321 me-

160 1346 284 1394 delis
310 1346 703 1407 corruptelarum
736 1345 904 1393 decem
934 1346 1223 1408 pluribusve
1264 1347 1556 1410 excogitatis
1595 1348 1676 1395 vix
1709 1364 1862 1395 unam

160 1437 238 1468 me
281 1435 688 1468 commemorasse
726 1420 953 1468 benevoli
994 1422 1185 1468 sciunto
1226 1421 1447 1468 lectores.

273 1493 472 1542 Gratias
511 1494 683 1542 multis
724 1494 835 1542 aliis
877 1495 997 1542 viris
1036 1495 1280 1556 imprimis
1319 1495 1709 1544 bibliothecariis
1749 1499 1862 1544 cum

161 1569 468 1618 nostratibus
507 1571 616 1616 tum
656 1569 871 1616 externis
912 1571 1063 1630 atque
1111 1570 1314 1634 collegis
1363 1573 1412 1617 et
1459 1572 1608 1618 antea
1655 1571 1707 1617 in
1748 1569 1860 1618 Stu-

163 1644 256 1692 diis
288 1643 408 1691 meis
442 1645 546 1690 dixi
578 1648 626 1691 et
658 1658 788 1691 nunc
820 1644 983 1691 deberi
1019 1646 1191 1706 gratus
1225 1645 1398 1705 sentio,
1431 1646 1562 1692 inter
1593 1660 1715 1706 quos
1742 1642 1861 1693 Otto

161 1718 437 1778 Rossbach,
475 1718 622 1767 homo
670 1718 982 1765 indubitatae
1021 1717 1157 1779 fidei,
1197 1720 1413 1780 primum
1453 1718 1614 1766 locum
1657 1719 1862 1781 obtinet,

163 1795 250 1855 qui
283 1808 624 1854 quaecumque
649 1792 833 1840 collata
859 1795 908 1839 et
933 1793 1140 1840 collecta
1168 1792 1386 1840 habebat
1416 1793 1540 1840 mihi
1566 1793 1650 1840 diu
1675 1793 1863 1841 utenda

161 1868 400 1931 permisit.
495 1867 712 1931 gratiam
766 1882 866 1914 non
920 1882 1128 1928 parvam
1185 1867 1336 1914 etiam
1392 1868 1645 1914 seminarii
1703 1869 1863 1915 nostri

162 1942 414 1991 sodalibus
439 1941 612 2002 habeo,
639 1941 770 2003 quod
804 1941 1070 1988 eruditioni
1105 1941 1252 1989 simul
1284 1942 1504 2003 mihique
1538 1941 1692 1989 dediti
1724 1958 1861 2005 mag-

161 2033 277 2064 nam
329 2016 674 2064 schedularum
725 2017 919 2078 partem
967 2031 1076 2062 cum
1127 2016 1345 2079 plagulis
1386 2015 1651 2080 diligenter
1690 2019 1861 2063 contu-

161 2091 328 2138 lerunt
354 2090 429 2138 W.
455 2091 677 2152 Barthel,
715 2090 801 2151 qui
831 2090 1032 2137 Philam
1072 2092 1121 2138 et
1152 2090 1353 2138 Meroen
1391 2090 1578 2138 insulas
1612 2106 1641 2137 a
1675 2090 1863 2138 Seneca

163 2165 401 2213 confundi
442 2165 590 2226 vidit,
630 2165 713 2214 Er.
754 2164 938 2225 Pusch,
980 2163 1108 2212 Guil.
1149 2164 1326 2225 Falbe,
1371 2165 1459 2212 alii
1505 2165 1585 2212 hic
1632 2165 1759 2226 illic,
1806 2167 1864 2212 ut

161 2256 257 2302 par
289 2243 410 2300 erat,
451 2241 711 2299 nominati,
745 2242 795 2286 et
827 2241 943 2300 quia
983 2239 1169 2287 indices
1204 2240 1532 2299 confecerunt,
1567 2239 1654 2286 Th.
1682 2239 1861 2301 Blunk,

162 2315 217 2362 B.
244 2314 374 2374 Lier‚
417 2313 466 2362 G.
495 2313 721 2375 Catholy.
785 2313 987 2360 illorum
1028 2329 1147 2361 cura
1187 2313 1413 2361 adiutum
1452 2330 1530 2360 me
1570 2313 1861 2361 collationes

165 2388 368 2451 Georgii
400 2389 597 2449 Miiller,
629 2387 778 2436 amici
815 2390 1136 2449 praematura
1167 2391 1326 2436 morte
1365 2387 1441 2435 his
1481 2387 1657 2435 studiis
1690 2389 1862 2448 erepti,

163 2462 436 2511 Rossbachi
497 2478 586 2510 nec
647 2479 746 2510 non
806 2477 941 2509 meas
998 2464 1186 2523 septem
1247 2462 1512 2509 fasciculos
1568 2461 1862 2523 complexas,

166 2537 329 2599 quoad
375 2537 479 2584 fieri
527 2539 749 2598 poterat,
796 2536 1078 2584 exhausisse
1126 2536 1329 2583 confido.
1408 2536 1618 2597 denique
1666 2535 1860 2582 Alfredi

166 2611 401 2659 Giesecke
447 2611 751 2673 bibliopolae
797 2610 1094 2658 liberalitati
1149 2613 1199 2658 et
1251 2610 1591 2672 indulgentiae
1646 2610 1862 2673 gratiam

166 2685 317 2733 debeo
357 2702 456 2733 non
498 2686 740 2746 ultimam,
780 2684 911 2746 quod
944 2684 1162 2732 codicem
1191 2683 1526 2732 Genevensem
1559 2685 1780 2731 conferre
1812 2687 1862 2731 et

164 2762 327 2808 totam
375 2759 647 2808 editionem
690 2760 776 2806 diu
803 2759 1104 2806 incohatam
1147 2774 1300 2820 ,saepe
1347 2760 1679 2819 interruptam
1725 2759 1860 2804 tran-

166 2834 321 2896 quille
362 2834 588 2882 emittere
627 2834 782 2896 potui.

150 2952 151 2955 ,
183 2953 185 2955 .
232 2952 234 2954 ,
281 2907 564 2956 Scribebam
606 2907 855 2970 Gryphiae
894 2922 1059 2955 mense
1099 2906 1266 2968 Aprili
1305 2922 1347 2954 a.
1392 2907 1547 2955 1907.
