1988 3138
589 105 814 151 NATUR.
849 105 1098 161 QUAEST.
1130 105 1241 150 LIB.
1274 106 1307 150 Ι.
1343 111 1380 150 1.
1802 105 1832 157 7

146 231 263 299 ipsa
302 246 553 299 quaerere
592 246 752 297 quam
783 227 981 295 mirari,
1020 227 1149 296 quid
1180 228 1257 280 ita
1287 226 1680 280 Aristoteles
1721 225 1834 297 glo-

145 304 275 357 bum
314 303 455 374 ignis
494 301 844 371 appellaverit
882 319 1112 371 capram.
1180 301 1304 354 talis
1343 302 1486 354 enim
1524 300 1630 353 fuit
1659 301 1834 353 forma

145 379 275 446 eius,
313 378 406 446 qui
445 376 645 430 bellum
685 377 936 429 adversus
967 374 1164 428 Persen
1195 375 1363 428 Paulo
1404 378 1619 447 gerente
1656 375 1834 428 lunari

146 451 515 523 magnitudine
538 451 799 520 apparuit.
850 450 1082 503 vidimus
1105 450 1274 519 <nos>
1299 467 1511 518 quoque
1535 467 1646 502 non
1669 448 1833 502 semel

100 547 121 581 5
144 527 414 580 flammam
445 525 679 596 ingentis
702 524 844 594 pilae
869 525 1057 594 specie,
1082 542 1218 593 quae
1241 527 1423 577 tamen
1446 523 1504 576 in
1528 524 1645 592 ipso
1670 541 1831 578 cursu

144 618 241 654 suo
274 600 531 669 dissipata
561 603 656 652 est.
718 599 950 651 vidimus
983 598 1123 652 circa
1155 598 1264 651 divi
1288 597 1525 669 Augusti
1555 615 1832 651 excessum

142 675 318 728 simile
355 674 684 745 prodigium,
722 673 956 726 vidimus
996 691 1058 726 eo
1098 676 1355 741 tempore,
1394 690 1500 741 quo
1542 672 1605 724 de
1638 671 1831 725 Seiano

142 752 324 803 actum
363 751 467 818 est3
505 766 604 801 nec
644 746 944 801 Germanici
976 765 1120 800 mors
1154 748 1268 800 sine
1301 747 1704 800 denuntiatione
1734 747 1832 799 tali

141 823 259 876 fuit.
336 822 480 876 dices
525 822 682 875 mihi:
736 823 884 893 ‘ergo
931 826 992 874 tu
1038 822 1094 874 in
1133 823 1297 874 tantis
1337 821 1604 874 erroribus
1645 839 1723 889 es,
1769 824 1831 873 ut

74 918 119 951 ιο
141 897 414 950 existimes
453 898 581 950 deos
612 896 868 950 mortium
901 896 1054 966 signa
1085 897 1428 965 praemittere
1460 898 1513 948 et
1545 895 1831 964 quicquam

141 972 198 1025 in
227 972 384 1025 terris
417 990 531 1025 esse
562 974 674 1024 tam
705 989 978 1042 magnum,
1010 971 1154 1040 quod
1184 970 1358 1039 perire
1382 969 1614 1022 mundus
1640 970 1828 1023 sciat?’

142 1047 244 1099 erit
281 1047 428 1099 aliud
465 1046 624 1099 istius
660 1046 739 1098 rei
776 1049 1014 1115 tempus:
1057 1045 1356 1098 videbimus
1397 1063 1465 1097 an
1502 1062 1681 1097 rerum
1721 1063 1832 1097 om-

140 1122 289 1173 nium
330 1124 504 1174 certus
542 1120 671 1173 ordo
705 1120 930 1174 ducatur
960 1122 1015 1172 et
1045 1119 1149 1172 alia
1180 1119 1300 1172 aliis
1333 1119 1410 1171 ita
1441 1119 1676 1188 implexa
1708 1119 1831 1187 sint,

139 1199 201 1247 ut
233 1195 376 1263 quod
407 1195 686 1263 antecedit,
718 1198 812 1247 aut
836 1213 995 1248 causa
1019 1195 1091 1247 sit
1114 1193 1451 1262 sequentium
1477 1196 1570 1246 aut
1594 1194 1829 1264 signum3

73 1290 116 1323 ιε
141 1270 439 1323 videbimus
486 1288 555 1322 an
601 1269 703 1322 diis
742 1269 976 1322 humana
1016 1286 1173 1323 curae
1213 1269 1344 1337 sint,
1390 1286 1460 1320 an
1498 1268 1660 1321 series
1699 1267 1830 1337 ipsa,

140 1345 269 1413 quid
314 1345 522 1398 factura
569 1344 662 1412 sit,
708 1344 868 1396 certis
907 1362 1086 1396 rerum
1125 1343 1269 1396 notis
1308 1343 1534 1395 nuntiet.
1612 1343 1828 1395 interim

139 1418 274 1471 illud
312 1418 577 1487 existimO,
616 1418 878 1471 eiusmodi
918 1417 1069 1489 ignes
1110 1418 1337 1470 existere
1385 1421 1503 1470 aere
1546 1416 1827 1470 vehemen-

138 1493 248 1546 tius
279 1494 426 1561 trito,
457 1510 577 1545 cum
610 1491 888 1546 inclinatio
912 1492 951 1560 †
982 1493 1095 1545 eius
1128 1493 1184 1544 in
1209 1492 1432 1545 alteram
1456 1495 1664 1561 partem
1688 1491 1829 1544 facta

139 1572 220 1620 est
258 1571 312 1619 et
349 1569 509 1635 (aer)
548 1586 656 1620 non
694 1567 855 1620 cessit
894 1567 986 1633 sed
1025 1567 1165 1619 inter
1204 1585 1259 1619 se
1298 1566 1582 1637 pugnavit:
1622 1584 1687 1619 ex
1726 1565 1828 1619 hac

71 1663 115 1695 πο
138 1642 419 1695 vexatione
458 1645 749 1694 nascuntur
779 1641 956 1695 trabes
989 1644 1042 1694 et
1073 1641 1222 1712 globi
1254 1644 1308 1693 et
1338 1641 1479 1693 faces
1513 1643 1567 1693 et
1597 1640 1826 1693 ardores,

138 1719 193 1769 at
230 1733 351 1769 cum
391 1716 560 1769 levius
593 1716 809 1769 collisus
841 1719 909 1783 et,
948 1719 1009 1768 ut
1040 1717 1116 1768 ita
1147 1715 1335 1783 dicam,
1374 1715 1563 1768 frictus
1596 1718 1691 1781 est,
1731 1716 1829 1767 mi-

137 1809 267 1844 nora
317 1790 519 1842 lumina
569 1790 932 1858 excutiuntur,
989 1790 1316 1858 ‘crinemque
1366 1790 1603 1842 volantia
1654 1790 1828 1842 sidera

137 1864 372 1918 ducunt’.
442 1868 570 1918 tunc
609 1866 760 1935 ignes
799 1865 1101 1917 tenuissimi
1140 1865 1242 1917 iter
1280 1864 1418 1917 exile
1458 1864 1741 1934 designant
1773 1867 1827 1916 et

138 1940 285 1993 caelo
325 1939 642 2008 producunt.
704 1940 821 1992 ideo
862 1940 1011 1992 nulla
1050 1939 1164 1992 sine
1204 1939 1467 1992 eiusmodi
1508 1938 1827 2008 spectaculis

70 2034 115 2068 ιε
139 2032 246 2067 nox
287 2018 389 2081 est,
435 2032 545 2066 non
584 2014 725 2067 enim
767 2031 902 2083 opus
943 2017 1024 2067 est
1063 2013 1129 2066 ad
1167 2013 1448 2066 efficienda
1487 2013 1590 2066 ista
1629 2031 1827 2084 magno

137 2088 274 2141 aeris
307 2092 471 2141 motu.
542 2088 784 2157 denique,
823 2092 885 2141 ut
916 2089 1149 2141 breviter
1179 2087 1369 2156 dicam,
1405 2087 1587 2141 eadem
1620 2089 1827 2140 ratione

137 2163 275 2216 fiunt
313 2163 432 2231 ista,
472 2181 576 2231 qua
615 2163 857 2231 fulmina,
897 2163 988 2216 sed
1025 2163 1078 2215 vi
1110 2162 1336 2216 minore:
1377 2162 1827 2232 quemadmodum

255 2283 396 2322 9—14
413 2281 470 2334 cf.
484 2279 605 2323 le.
619 2279 725 2324 HN
735 2282 781 2334 2,
791 2283 850 2324 97
866 2281 1032 2337 quippe
1047 2280 1299 2338 inqentium
1316 2280 1538 2324 malorum
1554 2280 1683 2334 fuere
1694 2293 1828 2335 prae-

136 2339 319 2392 nuntia,
341 2339 419 2383 sed
442 2353 493 2383 ea
519 2338 749 2394 accidisse,
780 2353 873 2384 non
896 2340 1007 2395 quia
1030 2340 1138 2384 haec
1158 2339 1287 2393 facta
1310 2343 1431 2392 sumt,
1455 2340 1653 2384 arbitror
1676 2353 1829 2384 verum

134 2398 243 2444 haec
274 2397 374 2442 ideo
403 2399 552 2453 facta,
584 2399 695 2455 quia
724 2400 944 2445 incasura
975 2403 1108 2444 erant
1137 2398 1233 2444 illa.
1265 2400 1279 2455 ΙΙ
1311 2403 1369 2442 22
1394 2398 1523 2457 Very.
1542 2399 1655 2443 Aen.
1678 2399 1721 2443 V
1739 2402 1828 2443 528

254 2506 283 2545 8
314 2502 426 2560 fuit]
456 2516 490 2547 s.
518 2502 543 2546 l.
571 2503 608 2547 δ’
633 2507 738 2560 post
767 2502 919 2547 forma
942 2508 983 2548 et
1006 2507 1032 2546 8
1058 2502 1158 2547 eius
1181 2516 1215 2547 s.
1243 2504 1269 2547 l.
1297 2503 1331 2547 λ
1373 2504 1387 2559 ΙΙ
1430 2507 1456 2546 3
1490 2502 1708 2547 Perseum
1741 2506 1783 2546 Δ
1814 2503 1828 2559 ΙΙ

134 2565 164 2604 4
196 2575 278 2605 nos
303 2561 408 2606 add.
439 2562 516 2606 (r'e.
549 2564 564 2617 ΙΙ
595 2566 621 2604 5
654 2576 736 2606 suo
766 2576 901 2606 cursu
926 2563 1024 2607 coll.
1052 2564 1124 2607 c).
1155 2564 1170 2619 ΙΙ
1201 2566 1228 2605 9
1261 2575 1370 2619 ergo
1402 2562 1475 2621 tu]
1507 2563 1571 2605 tu.
1620 2561 1743 2619 Ergo
1776 2565 1828 2605 tu

136 2622 220 2664 ΔΤ
250 2623 265 2679 ξΙ
296 2625 340 2663 11
373 2621 511 2679 sciat]
545 2620 719 2665 sentiat
750 2622 977 2681 Bonyars.
1025 2623 1029 2679 1
1063 2626 1113 2665 13
1147 2624 1299 2666 certus
1332 2622 1462 2678 (ordo
1488 2622 1582 2678 (5⁹1⁸)
1620 2621 1827 2665 omnium

135 2693 287 2723 rerum
321 2681 451 2737 (ordo
485 2686 527 2738 ε’)
558 2681 656 2725 coll.
690 2683 773 2725 ΔΤ
819 2683 825 2738 Ι
872 2680 1001 2738 impl.
1057 2680 1300 2739 complexa
1331 2684 1371 2725 Δ
1419 2683 1432 2738 Η
1479 2685 1529 2724 15
1563 2680 1658 2725 sint
1690 2694 1825 2724 curae

134 2740 232 2784 coll.
258 2740 297 2784 <5
330 2741 337 2794 Ι
373 2740 535 2843 series)
565 2755 623 2785 sc.
656 2755 916 2795 causarum,
948 2739 1104 2797 εἰρμός
1133 2744 1147 2798 ΙΙ
1179 2745 1230 2783 16
1262 2741 1466 2809 factura]
1500 2740 1707 2784 futurum
1734 2741 1827 2784 Leo

134 2799 247 2842 conl.
284 2800 373 2844 Cle.
407 2801 460 2843 cle
496 2801 579 2843 ,τὐ.
607 2800 639 2844 Ι
660 2805 750 2845 128
802 2803 817 2857 ΙΙ
871 2805 920 2843 18
954 2801 1075 2859 eius]
1117 2805 1318 2857 eoespecto
1350 2799 1469 2845 caeli
1507 2801 1574 2844 vel
1611 2800 1696 2843 hac·
1726 2813 1827 2843 voce

134 2858 381 2902 subaudita
413 2858 607 2903 celerius
641 2861 725 2905 (vel
756 2859 913 2917 citius)
957 2861 974 2918 ΙΙ
1019 2864 1070 2903 19
1102 2873 1182 2904 aer
1205 2859 1310 2903 add.
1341 2860 1418 2904 Ge.
1465 2863 1470 2916 Ι
1513 2859 1635 2902 inter
1667 2859 1735 2926 se]
1767 2858 1824 2912 cf.

135 2917 170 2974 5
197 2920 272 2969 15,
313 2918 435 2962 intra
475 2932 522 2962 se
562 2919 696 2977 vulyo
741 2923 755 2975 ΙΙ
802 2924 853 2963 21
890 2918 1073 2978 frictus]
1116 2919 1303 2963 strictus
1336 2932 1362 2964 ε
1408 2921 1422 2975 ΙΙ
1468 2923 1525 2962 23
1558 2918 1667 2976 iter]
1707 2917 1756 2961 1d
1788 2918 1827 2963 δ

1865 462 1892 502 3
