1988 3138
475 87 701 132 NATUR.
734 87 987 142 QUAEST.
1020 87 1131 131 LIB.
1164 86 1263 131 VII.
1298 91 1486 132 15—17.
1728 85 1835 138 251

133 210 268 264 duas
318 211 515 277 stellas,
566 210 710 279 quod
761 213 972 279 praeter
1010 209 1163 262 illum
1204 227 1361 263 nemo
1402 208 1638 262 tradidit.
1717 209 1838 277 quis
1872 198 1988 298 335,sp

135 285 279 339 enim
328 288 512 354 posset
550 284 833 337 observare
882 284 1017 336 mud
1067 287 1416 351 momentum,
1457 302 1563 352 quo
1605 288 1838 337 cometes

135 358 344 414 solutus
406 362 460 412 et
521 359 576 411 in
632 357 763 411 duas
824 362 1003 427 partes
1057 358 1301 411 redactus
1356 358 1474 411 est‘?
1567 356 1838 426 quomodo
1954 379 1972 468 ff

134 437 326 501 autem,
365 433 411 486 si
442 437 524 486 est
554 434 648 501 qui
679 433 874 486 viderit
913 436 1157 486 cometen
1195 432 1253 485 in
1284 432 1415 485 duas
1449 433 1641 500 dirimi,
1680 449 1838 485 nemo

88 529 113 563 ι
134 508 272 561 vidit
319 508 437 560 fieri
486 526 552 560 ex
596 506 837 560 duabus?
914 525 1078 576 quare
1129 510 1308 560 autem
1355 525 1466 560 non
1519 507 1732 574 adiecit,
1782 506 1839 558 in

137 601 270 652 quas
310 583 491 635 stellas
533 582 734 635 divisus
775 582 868 649 sit,
909 599 1030 635 cum
1070 582 1250 651 aliqua
1289 600 1355 634 ex
1394 582 1631 651 quinque
1670 580 1840 634 stellis

136 675 250 711 esse
290 656 568 710 debuerit?

252 733 334 784 17.
397 730 790 800 Apollonius
844 730 1142 800 Myndius
1206 731 1261 782 in
1317 731 1526 784 diversa
1585 730 1838 799 opinione
1873 747 1895 786 1

136 809 239 859 est:
289 805 367 858 ait
415 806 558 858 enim
610 809 854 858 cometen
902 823 1012 858 non
1059 823 1224 858 unum
1267 824 1332 858 ex
1372 804 1558 857 multis
1599 805 1838 857 erraticis

66 901 114 934 ιο
136 880 279 933 effici
317 880 411 933 sed
449 879 649 933 multos
691 883 923 932 cometas
965 880 1217 933 erraticos
1258 897 1387 932 esse.
1445 880 1573 931 ‘non
1606 879 1723 949 est’,
1762 880 1840 931 in-

136 956 270 1024 quit,
310 955 531 1024 ‘species
570 955 706 1007 falsa
735 972 835 1008 nec
867 954 1091 1008 duarum
1123 955 1398 1007 stellarum
1431 955 1664 1007 confinio
1698 955 1839 1024 ignis

135 1033 399 1098 extentae,
450 1029 543 1082 sed
592 1030 872 1099 proprium
923 1030 1069 1082 sidus
1110 1032 1350 1082 cometae
1388 1032 1468 1082 est
1519 1029 1659 1083 sicut
1709 1029 1839 1082 solis

135 1121 198 1156 ac
246 1104 426 1157 lunae:
481 1104 603 1157 talis
660 1104 741 1156 illi
794 1105 969 1157 forma
1015 1107 1118 1171 est,
1164 1122 1274 1157 non
1321 1104 1379 1156 in
1423 1103 1715 1156 rotundum
1762 1121 1841 1155 re-

135 1179 323 1231 stricta
360 1179 453 1231 sed
490 1179 763 1248 procerior
800 1182 853 1231 et
892 1179 948 1231 in
987 1178 1210 1250 longum
1250 1178 1525 1247 producta.
1604 1181 1839 1232 ceterum
1872 1194 1898 1233 2

68 1275 113 1309 ιιι
134 1271 245 1306 non
284 1257 366 1307 est
404 1252 486 1306 ilh·
523 1252 702 1323 palam
735 1271 944 1307 cursus:
983 1252 1178 1306 altiora
1215 1252 1403 1306 mundi
1442 1256 1586 1306 secat
1618 1256 1671 1305 et
1709 1256 1840 1305 tunc

137 1327 351 1381 demum
392 1331 628 1398 apparet,
678 1345 800 1380 cum
848 1328 905 1380 in
945 1328 1112 1381 imum
1153 1346 1340 1382 cursus
1381 1328 1465 1380 sui
1503 1327 1664 1380 venit.
1741 1344 1841 1380 nec

135 1406 231 1470 est,
283 1402 429 1472 quod
477 1407 728 1472 putemus
779 1402 1006 1456 eundem
1057 1403 1233 1455 visum
1285 1419 1400 1455 esse
1451 1401 1550 1455 sub
1600 1399 1840 1470 Claudio,

136 1494 296 1546 quem
337 1477 437 1530 sub
469 1476 719 1548 Augusto
751 1477 1001 1546 vidimus,
1040 1494 1137 1530 nec
1175 1476 1334 1544 hunc,
1367 1476 1460 1546 qui
1492 1475 1593 1529 sub
1624 1474 1841 1529 Nerone

137 1550 361 1605 Caesare
399 1553 651 1621 apparuit
689 1555 743 1605 et
781 1552 1004 1605 cometis
1045 1551 1274 1604 detraxit
1313 1550 1614 1619 infamiam,
1653 1551 1734 1603 illi
1773 1551 1842 1604 si-

66 1648 114 1682 n
136 1626 319 1679 milem
357 1627 538 1695 fuisse,
578 1626 671 1695 qui
710 1630 835 1695 post
874 1626 984 1679 divi
1023 1623 1148 1678 Iulii
1179 1626 1460 1694 (obitum)
1497 1625 1639 1678 ludis
1670 1624 1842 1679 Vene-

134 1701 210 1754 ris
266 1698 550 1754 Genitricis
605 1702 746 1754 circa
807 1701 1142 1754 undecimam
1207 1700 1393 1753 horam
1451 1700 1556 1752 diei
1610 1701 1840 1753 emersit.

135 1774 297 1829 multi
335 1776 576 1845 variique
626 1779 774 1844 sunt,
825 1775 1062 1845 dispares
1115 1774 1500 1846 magnitudine,
1553 1773 1840 1828 dissimiles
1873 1791 1899 1828 3

138 1850 340 1904 colore:
389 1850 509 1903 aliis
559 1850 727 1904 rubor
764 1854 845 1903 est
894 1851 1010 1904 sine
1056 1849 1167 1903 ulla
1217 1849 1350 1918 luce,
1389 1849 1510 1902 aliis
1551 1850 1750 1903 candor
1789 1852 1843 1902 et

137 1943 331 1994 purum
370 1925 744 1994 liquidumque
795 1926 993 1993 lumen,
1032 1925 1152 1977 aliis
1204 1924 1422 1977 flamma
1461 1927 1515 1977 et
1560 1923 1694 1978 haec
1731 1942 1843 1977 non

249 2067 276 2107 8
285 2064 651 2121 Apolloniumcf.
664 2064 1066 2123 Pauly-Wissowa
1077 2064 1136 2108 II
1143 2067 1229 2109 161
1238 2065 1253 2121 ΙΙ
1262 2065 1358 2121 1718
1368 2064 1426 2118 cf.
1437 2063 1563 2109 Ptin.
1575 2064 1634 2109 H
1637 2063 1691 2108 N
1697 2067 1743 2118 2,
1753 2065 1841 2121 9211

136 2126 197 2166 80
219 2123 278 2178 cf.
304 2124 429 2168 Ptin.
457 2124 572 2168 HN
589 2128 636 2178 2,
653 2127 714 2168 93
737 2128 921 2169 οωηειεε
947 2158 955 2166 .
984 2158 992 2167 .
1019 2123 1266 2168 admodum
1288 2124 1475 2178 faustus
1498 2123 1604 2169 divo
1628 2125 1840 2182 Auyusto

135 2182 371 2228 iudicatus
401 2184 460 2228 ab
490 2184 603 2240 ipso,
636 2184 718 2240 qai
747 2184 994 2241 incipiente
1019 2197 1069 2228 eo
1100 2183 1323 2239 adparuit
1355 2183 1478 2228 ludis
1502 2196 1612 2240 quos
1642 2183 1842 2238 faciebat

148 2241 311 2287 Veneri
344 2242 575 2288 Genetrici
604 2257 698 2288 non
729 2244 871 2288 multo
903 2247 1010 2299 post
1040 2243 1213 2287 obitum
1236 2243 1392 2299 patris
1426 2242 1637 2288 Caesaris
1667 2243 1719 2286 in
1751 2244 1840 2287 col-

137 2301 255 2360 leyio
285 2302 343 2347 ab
373 2317 423 2348 eo
456 2303 677 2348 instituto.
741 2303 861 2348 Suet.
894 2316 933 2345 v.
966 2302 1010 2346 d.
1045 2302 1163 2346 Iulii
1190 2306 1254 2347 88

258 2433 288 2473 8
319 2428 458 2488 illud]
491 2429 619 2473 istud
644 2430 679 2473 λ
701 2431 716 2486 ΙΙ
748 2433 775 2473 8
808 2429 987 2488 partes]
1020 2428 1182 2474 stellas
1206 2427 1301 2471 ΡΖ
1324 2430 1339 2485 ΙΙ
1362 2432 1391 2472 4
1415 2428 1497 2485 qui
1522 2429 1560 2474 d*
1569 2429 1702 2488 581⁸]
1735 2427 1841 2484 quis

141 2490 196 2532 Φ
230 2491 236 2546 Ι
270 2488 409 2558 duan]
449 2492 607 2546 partes
638 2488 745 2534 add.
779 2490 817 2534 δ
826 2494 859 2532 1·
889 2491 895 2546 Ι
936 2493 962 2532 8
995 2487 1217 2546 Myndius
1248 2488 1390 2547 ΒΚΖ]
1424 2487 1611 2545 mydius
1643 2492 1676 2531 Ρ
1707 2502 1843 2532 mun-

139 2547 246 2592 dius
276 2549 312 2593 λ
344 2549 550 2593 mmdins
582 2547 743 2604 (1?)J’
774 2548 879 2593 miti
919 2548 988 2592 'us
1020 2553 1097 2592 ΒΤ
1136 2547 1345 2592 medicus
1378 2548 1416 2592 δ
1446 2549 1461 2604 ΙΙ
1493 2551 1521 2590 9
1553 2547 1734 2606 multis]
1769 2546 1841 2591 di-

139 2607 288 2653 uersis
319 2610 358 2653 ό
399 2611 414 2665 fl
456 2613 508 2652 10
546 2607 690 2667 effici]
738 2607 836 2652 fieri
869 2609 907 2653 ό
948 2611 963 2665 ΙΙ
1007 2612 1051 2651 n
1083 2606 1224 2667 falsa]
1274 2607 1382 2651 fissa
1414 2608 1453 2652 δ
1491 2609 1505 2663 [Ι
1543 2611 1596 2651 12
1629 2608 1842 2651 cometae

140 2667 383 2727 Schultess]
417 2671 621 2713 cometes
653 2670 667 2724 ΙΙ
699 2671 749 2711 18
782 2680 837 2712 ac
890 2671 939 2712 et
970 2668 1128 2725 ¹5(³·)'l'
1157 2670 1162 2723 1
1190 2666 1344 2726 reetr.]
1377 2666 1604 2711 destricta
1636 2667 1674 2711 δ
1706 2666 1839 2710 distr.

139 2730 173 2771 1·
204 2730 219 2783 Ι
248 2731 300 2770 15
332 2728 424 2786 eet]
455 2743 539 2772 om.
565 2729 604 2773 ό
634 2731 649 2783 u
680 2731 731 2770 1⁸
765 2741 849 2772 nec
904 2741 961 2772 ne
993 2730 1197 2786 HJKQZ
1228 2728 1244 2784 η
1274 2730 1333 2771 20
1363 2725 1528 2785 fuisse]
1566 2725 1701 2770 aiunt
1732 2725 1839 2770 add.

139 2788 180 2832 δ
214 2790 221 2842 Ι
261 2790 370 2843 poet
402 2822 411 2831 .
446 2822 455 2831 .
489 2786 670 2831 obitum
717 2786 817 2845 Ge]
866 2789 975 2845 post
1009 2788 1062 2830 Φ
1108 2800 1193 2831 om.
1234 2787 1273 2831 ὁ
1319 2799 1558 2831 excessum
1603 2785 1710 2829 add.
1746 2784 1841 2828 10²2

140 2858 301 2890 necem
334 2846 443 2891 add.
468 2845 597 2892 Fon.
629 2849 644 2904 ΙΙ
674 2850 728 2889 81
758 2846 948 2906 genitu]
979 2845 1232 2915 genetricis
1264 2849 1297 2889 1.
1334 2850 1339 2901 1
1374 2844 1488 2904 diei]
1523 2858 1606 2889 om.
1638 2845 1731 2899 dr,
1764 2843 1842 2888 die

140 2904 330 2951 Skutsch
361 2907 377 2962 Ι
406 2909 465 2949 24
496 2905 843 2965 liquidumque]
877 2909 925 2951 et
956 2904 1190 2963 liquidum
1222 2905 1302 2950 ἅτ
