1988 3138
168 99 252 143 XII
843 99 1184 143 PRAEFATIO

171 225 383 273 Senecae
408 224 460 272 II
489 228 541 285 1,
570 225 599 271 3
642 240 699 272 ex
740 241 795 273 eo
838 227 1054 287 quaerit:
1094 227 1325 285 quomodo
1365 227 1423 274 de
1453 230 1697 275 terrarum
1733 230 1866 274 motu

169 302 494 359 quaestionem
534 313 584 347 eo
617 301 828 359 posuisti
865 300 986 355 l000,
1035 314 1126 359 quo
1174 301 1232 348 de
1271 301 1526 349 tonitribus
1563 301 1866 361 fulyuribus-

170 390 259 435 que
305 374 525 421 dicturus
572 374 654 421 es?
730 375 839 435 qui,
887 376 929 422 si
975 374 1156 421 librum
1196 374 1270 422 VI
1315 376 1570 438 cognitum
1609 375 1867 424 habuisset

171 464 382 509 eumque
412 448 465 494 in
497 448 660 495 locum
691 447 808 495 libri
831 447 882 495 II
913 450 1034 496 tunc
1067 448 1404 496 conscribendi
1436 449 1724 498 successisse
1756 465 1866 498 cen-

171 523 370 582 suisset,
425 521 529 570 sine
584 522 733 570 dubio
788 537 880 582 quo
934 524 1152 570 dicturus
1203 538 1313 571 eras
1359 539 1594 585 quaerere
1642 524 1864 572 debebat.

169 613 332 658 neque
370 596 528 659 igitur
566 596 674 643 ulla
710 598 880 644 manet
919 596 1200 658 difficultas,
1242 597 1324 646 sed
1354 596 1594 659 pristinus
1626 597 1867 646 librorum

172 671 291 719 ordo
324 672 447 719 satis
479 671 688 731 constat,
723 672 812 732 qui
842 672 1135 719 immutatus
1160 671 1239 719 vel
1269 671 1590 733 perturbatus
1621 673 1674 719 in
1700 673 1866 720 arche-

169 747 347 807 typum
380 745 602 793 codicum
634 761 786 792 manu
818 745 1117 808 scriptorum
1139 747 1290 793 venit,
1354 748 1504 808 atque
1532 746 1868 808 praefationes

172 835 300 881 quae
339 819 610 867 traduntur
649 835 842 882 semper
881 836 994 867 cum
1039 820 1162 882 ipsis
1202 819 1342 868 libris
1383 820 1670 869 coniunctas
1715 821 1868 869 fuisse

171 909 330 956 neque
371 894 432 942 ab
471 894 533 941 iis
573 894 748 942 revelli
787 909 929 956 posse
976 910 1066 955 pro
1107 898 1240 942 certo
1279 894 1437 942 habeo
1486 891 1654 959 (Stud.
1687 894 1713 942 Ι
1747 896 1867 943 110.

174 970 278 1016 113
298 984 368 1030 sq.
405 970 524 1016 115.
562 961 706 1035 120).

284 1042 537 1090 Habemus
584 1043 740 1106 igitur
787 1058 909 1104 opus
957 1046 1067 1090 octo
1108 1042 1260 1091 libros
1301 1044 1604 1105 amplexum,
1657 1059 1869 1106 quorum

172 1132 255 1165 sex
277 1117 462 1180 integri
495 1117 592 1165 duo
616 1118 781 1165 trunci
807 1117 867 1164 ad
893 1133 981 1165 nos
1006 1121 1357 1179 pervenerunt,
1390 1120 1617 1166 novimus
1648 1119 1872 1166 ordinem

173 1195 222 1239 et
253 1193 474 1254 partium
507 1193 557 1239 et
588 1191 899 1255 singulorum
930 1191 1186 1240 librorum.
1241 1195 1433 1241 restant
1469 1193 1868 1255 subscriptiones.

316 1366 384 1418 II.
431 1365 508 1418 De
550 1365 1042 1437 subscriptionibus
1081 1326 1352 1420 libroruin
1387 1365 1441 1420 et
1480 1365 1720 1420 editione

286 1490 402 1537 Toti
442 1484 580 1552 operi
618 1490 796 1537 titulus
838 1490 1038 1538 videtur
1076 1489 1228 1538 fuisse
1268 1489 1591 1537 Naturalium
1626 1490 1872 1551 Quaestio-

172 1580 292 1612 num
330 1565 443 1612 libri
481 1568 595 1619 oct0,
635 1564 752 1612 talis
793 1566 925 1612 enim
957 1580 982 1611 e
1015 1564 1265 1612 codicibus
1298 1564 1507 1624 eruitur3
1547 1580 1707 1626 neque
1739 1565 1872 1612 enim

172 1639 394 1699 interest,
434 1638 568 1700 quod
599 1639 652 1685 in
682 1638 854 1687 multis
895 1641 953 1687 de
983 1639 1100 1687 Nat.
1137 1639 1507 1700 Quaestionibus
1538 1639 1735 1702 legitur.
1787 1655 1869 1687 ne-

175 1730 269 1775 que
302 1715 390 1774 est,
424 1728 511 1760 cur
534 1713 655 1761 haec
680 1713 939 1761 collocatio
964 1712 1226 1760 verborum
1249 1713 1391 1761 nobis
1417 1713 1692 1775 displiceat,
1722 1729 1872 1774 quam

174 1789 453 1850 antiquitus
493 1788 779 1835 sollemnem
819 1788 973 1836 fuisse
1012 1787 1069 1834 Ε.
1098 1787 1299 1835 Norden
1340 1787 1462 1834 mihi
1502 1787 1756 1850 probavit:
1795 1789 1870 1835 in-

173 1878 314 1911 verso
341 1863 471 1910 enim
497 1862 669 1910 ordine
694 1861 1059 1910 substantivum
1086 1865 1135 1909 et
1158 1861 1458 1909 adiectivum
1486 1862 1729 1925 singulari
1759 1865 1871 1909 tan-

173 1940 278 1985 tum
306 1952 510 1984 numero
536 1936 761 1984 adhibito
787 1935 1158 1984 collocabantur
1182 1936 1322 1984 velut
1346 1937 1569 1984 Historia
1593 1936 1870 1992 Naturalis,

173 2012 423 2059 Institutio
452 2010 693 2059 Oratoria.
735 2027 852 2059 sane
876 2010 1018 2058 tituli
1043 2011 1287 2073 generalis
1311 2010 1653 2058 testimonium
1677 2011 1871 2058 nullum

176 2088 359 2146 exstat,
405 2101 564 2147 neque
610 2087 716 2147 ipse
765 2087 938 2133 auctor
987 2085 1038 2131 in
1089 2086 1399 2146 praefatione
1453 2085 1570 2132 libri
1601 2084 1679 2132 ΙΠ
1727 2085 1871 2132 illum

174 2160 363 2223 prodit,
412 2159 650 2222 quoniam
697 2159 755 2206 de
797 2161 958 2208 causis
1003 2161 1202 2206 tantum
1241 2159 1413 2206 mundi
1451 2159 1676 2221 loquitur
1715 2153 1770 2224 (ξ
1801 2152 1871 2225 1).

173 2235 325 2298 paulo
365 2235 571 2297 propius
611 2234 673 2281 ad
720 2234 918 2283 solitam
957 2234 1332 2296 inscriptionem
1372 2233 1602 2281 accedere
1639 2233 1873 2281 videntur

177 2325 303 2371 quae
335 2309 388 2355 H
418 2314 462 2369 1,
490 2312 516 2355 1
553 2309 789 2372 leguntur
819 2311 975 2356 omnis
1014 2309 1072 2356 de
1110 2310 1336 2356 universo
1368 2309 1635 2368 quaestio
1668 2346 1678 2356 .
1705 2346 1715 2355 .
1750 2307 1872 2356 divi-

175 2385 322 2443 ditur,
362 2385 412 2430 et
450 2382 502 2429 ΙΙ
531 2386 575 2444 1,
604 2384 633 2430 3
676 2383 907 2443 quomodo
938 2383 996 2431 de
1034 2386 1278 2430 terrarum
1308 2386 1439 2430 motu
1470 2383 1873 2441 quaestionem

177 2473 228 2505 eo
261 2459 472 2517 posuisti
511 2459 622 2505 loco.
699 2459 922 2519 proxime
970 2457 1159 2505 accedit
1207 2474 1280 2519 ep.
1308 2458 1392 2517 88,
1420 2458 1488 2504 24
1529 2472 1638 2505 cum
1676 2460 1869 2503 ventwm

178 2537 246 2580 est
297 2533 364 2579 ad
416 2533 730 2580 naturales
798 2534 1195 2591 quaestiones,
1257 2533 1544 2592 yeometm'ae
1606 2532 1872 2578 testimonio

176 2610 355 2662 statur,
403 2621 562 2668 neque
609 2622 725 2654 vero
774 2606 832 2653 de
873 2622 963 2654 suo
1003 2622 1148 2667 opere
1195 2606 1286 2653 hoc
1326 2606 1434 2653 loco
1474 2596 1674 2652 disserit
1710 2620 1871 2665 neque

175 2683 228 2728 in
269 2697 342 2743 ep.
378 2681 463 2739 89,
500 2682 580 2727 17.
658 2684 828 2728 tamen
865 2680 1187 2728 Naturalium
1228 2680 1573 2740 Quaestionum
1619 2671 1870 2744 (φυσικῶν

178 2751 486 2818 ζητημάτων)
527 2754 680 2803 libros
716 2754 951 2802 Senecam
984 2755 1329 2815 conscripsisse
1361 2755 1410 2801 et
1442 2754 1512 2801 sic
1548 2753 1870 2814 inscripsisse,

177 2829 397 2892 generali
439 2831 605 2876 autem
651 2829 801 2876 titulo
843 2829 1080 2890 speciales
1122 2828 1428 2891 singulorum
1467 2826 1747 2874 libellorum
1787 2826 1871 2873 ad-

177 2903 359 2950 didisse
397 2903 501 2951 veri
542 2906 616 2950 est
656 2903 976 2950 simillimum.
