1988 3138
219 101 329 153 240
402 156 423 159 ,7
760 101 808 145 L.
841 101 1078 145 ANNAEI
1109 101 1382 146 SENECAE

219 226 302 275 tos
338 223 447 275 dies
488 224 713 275 fulsisse.
757 224 916 276 talem
944 225 1186 294 effigiem
1226 225 1366 295 ignis
1397 226 1548 295 longi
1579 225 1743 278 fuisse
1777 224 1915 278 Gal-

218 297 532 349 listhenes
566 298 741 365 tradit,
775 302 1059 366 antequam
1083 298 1255 350 Burin
1285 302 1338 350 et
1369 298 1595 352 Helicen
1625 319 1768 352 mare
1800 301 1914 353 abs-

156 387 185 425 4
219 371 481 424 conderet.
537 370 928 425 Aristoteles
962 373 1036 424 ait
1066 390 1175 425 non
1207 373 1411 426 trabem
1444 374 1592 426 illam
1622 374 1713 426 sed
1746 392 1915 427 come·

215 448 306 498 ten
338 446 516 513 fuisse,
557 450 790 499 ceterum
825 447 892 499 ob
925 447 1152 499 nimium
1184 447 1386 515 (solis)
1417 448 1656 500 ardorem
1688 466 1797 501 non
1829 468 1918 517 ap-

216 521 456 589 paruisse
490 538 733 589 sparsum
774 521 968 591 ignem7
1009 521 1101 573 sed
1139 522 1458 590 procedente
1497 526 1752 590 tempore,
1793 541 1915 576 611111
1963 545 1983 578 5

216 595 324 646 iam
381 596 557 646 minus
609 595 879 665 flagraret,
928 595 1191 648 redditam
1244 615 1392 648 suam
1446 601 1684 650 cometae
1732 599 1912 650 facem.

217 669 274 720 in
314 687 420 736 quo
474 670 597 738 igne
647 671 816 722 multa
857 671 1071 738 quidem
1121 670 1339 723 fuerunt
1378 670 1539 740 digna
1580 689 1714 739 quae
1763 675 1913 724 nota-

216 746 415 813 rentur,
465 743 602 795 nihil
652 747 829 796 tamen
882 746 1068 815 magiS‚
1119 763 1279 813 quam
1320 745 1485 813 quod,
1525 749 1585 797 ut
1632 746 1722 797 ille
1761 745 1916 797 fulsit

217 818 273 869 in
329 819 497 886 caeIO‚
554 819 734 870 statim
790 837 948 887 supra
995 819 1164 871 Burin
1218 823 1272 872 et
1322 819 1543 872 Helicen
1598 838 1743 872 mare
1796 820 1912 872 fuit.

158 909 184 947 5
215 892 480 960 numquid
534 911 660 963 ergo
715 892 1106 946 Aristoteles
1168 911 1278 946 non
1339 894 1487 946 illam
1549 897 1758 946 tantum
1823 894 1914 946 sed
1941 917 1983 949 10

219 984 402 1019 omnes
465 967 640 1019 trabes
705 971 937 1019 cometas
997 986 1108 1020 esse
1165 968 1410 1020 credebat
1462 968 1601 1021 hanc
1658 968 1914 1021 habentes

220 1040 587 1108 differentiam,
620 1042 760 1110 quod
801 1041 885 1094 his
919 1042 1203 1096 continuus
1244 1044 1384 1113 ignis
1418 1046 1511 1110 est,
1552 1044 1738 1095 ceteris
1773 1062 1916 1111 spar-

219 1115 344 1167 sus?
394 1115 569 1167 trabes
611 1117 752 1168 enim
804 1116 1075 1169 flammam
1115 1118 1389 1185 aequalem
1429 1117 1628 1169 habent
1666 1135 1765 1170 nec
1802 1119 1915 1170 ullo

217 1190 336 1242 loco
378 1189 735 1242 intermissam
775 1194 866 1243 aut
903 1190 1212 1261 languidam
1253 1193 1307 1243 in
1348 1192 1551 1243 ultimis
1593 1209 1716 1244 vero
1755 1193 1916 1260 parti-

217 1263 317 1316 bus
351 1268 603 1332 coactam,
637 1265 847 1332 qualem
879 1266 1043 1317 fuisse
1076 1266 1131 1317 in
1164 1267 1270 1334 illa,
1304 1266 1366 1318 de
1393 1284 1498 1334 qua
1529 1266 1687 1318 modo
1719 1267 1918 1334 rettuli,
1943 1287 1985 1320 15

222 1337 573 1391 Callisthenes
614 1339 789 1391 tradit.

162 1431 185 1469 1
333 1412 381 1464 6.
409 1412 586 1481 Ἱ)110’,
611 1414 787 1481 inquit
811 1413 1154 1483 Epigenes,
1181 1415 1528 1468 ‘cometarum
1553 1433 1748 1485 genera
1772 1418 1916 1467 sunt:

221 1488 313 1539 alii
352 1488 594 1540 ardorem
634 1489 870 1557 undique
904 1489 1183 1540 effundunt
1214 1508 1312 1542 nec
1351 1491 1530 1542 locum
1563 1493 1786 1557 mutant,
1826 1490 1918 1541 alii

220 1562 277 1613 in
317 1581 478 1614 unam
518 1566 724 1631 partem
765 1564 944 1632 ignem
984 1582 1181 1633 vagum
1221 1564 1279 1615 in
1317 1564 1535 1616 modum
1576 1581 1757 1616 comae
1796 1581 1916 1632 por-

219 1637 404 1706 rigunt
436 1640 488 1689 et
521 1639 700 1690 stellas
733 1641 1123 1706 praetermeant
1155 1635 1362 1708 (quales
1396 1638 1500 1690 duo
1534 1642 1704 1691 aetate
1735 1641 1918 1690 nostra
1942 1659 1985 1690 20

220 1711 323 1762 visi
363 1709 523 1782 sunt).
604 1713 684 1763 illi
734 1713 937 1780 priores
979 1712 1158 1764 criniti
1196 1713 1432 1781 undique
1471 1715 1524 1764 et
1575 1713 1784 1765 immoti
1823 1712 1918 1763 hu-

223 1786 375 1838 miles
414 1785 524 1838 fere
558 1790 682 1838 sunt
713 1790 766 1838 et
806 1786 974 1838 isdem
1016 1788 1186 1839 causis
1221 1787 1414 1855 quibus
1455 1787 1629 1839 trabes
1668 1788 1917 1855 facesque

224 1860 524 1912 conflantur
575 1879 639 1914 ex
697 1861 1009 1929 intemperie
1068 1862 1202 1913 aeris
1258 1861 1460 1914 turbidi
1513 1863 1684 1914 multa
1738 1878 1917 1914 secum

162 1953 188 1991 2
223 1935 372 1987 arida
409 1935 696 2003 umidaque
736 1935 890 1987 terris
930 1935 1176 1987 exhalata
1214 1937 1487 1988 versantis.
1558 1939 1736 2004 potest
1775 1935 1917 1987 enim

224 2009 440 2076 spiritus
481 2028 577 2078 per
616 2013 843 2079 angusta
878 2009 1038 2062 elisus
1079 2010 1362 2063 accendere
1396 2028 1555 2079 supra
1588 2029 1641 2062 se
1682 2011 1918 2078 positum
1943 2030 1985 2061 25

223 2087 344 2135 aera
389 2083 609 2152 plenum
650 2083 916 2136 alimentis
966 2084 1168 2136 idoneis
1221 2085 1356 2154 igni,
1395 2084 1582 2137 deinde
1620 2085 1918 2153 propellere

342 2242 364 2279 1
399 2238 600 2282 Callisth.
632 2239 693 2292 fr.
727 2241 757 2281 8
790 2238 983 2283 SRAM
1001 2253 1052 2294 p.
1081 2242 1136 2282 14
1155 2239 1224 2282 M.
1270 2240 1282 2294 ΙΙ
1327 2242 1352 2280 3
1386 2238 1574 2282 Aristot.
1610 2238 1796 2281 Meteor.
1829 2238 1864 2279 I
1890 2241 1919 2280 6

222 2311 266 2348 p.
294 2298 420 2341 3431>
454 2301 479 2341 1
513 2303 553 2340 et
586 2301 645 2341 18
676 2299 688 2353 ΙΙ
721 2302 770 2340 17
806 2298 1057 2355 Epiyenes:
1088 2299 1312 2359 Susemihl
1342 2298 1378 2340 I
1404 2300 1494 2340 718

344 2443 365 2479 1
396 2438 542 2482 talem
567 2465 622 2471 —
647 2439 811 2498 fuisse]
845 2453 927 2483 om.
954 2441 1256 2496 229OEFG11)
1293 2442 1298 2495 Ι
1334 2438 1558 2496 effigiem]
1595 2451 1684 2493 que
1710 2438 1815 2481 add.
1843 2439 1881 2481 δ
1909 2438 1913 2493 Ι

223 2496 367 2540 fuisse
401 2495 447 2540 G.
480 2498 558 2556 tn]
591 2498 778 2542 fulsisse
810 2499 1056 2542 calistenes
1088 2498 1215 2542 idem
1247 2499 1394 2541 tradit
1423 2499 1568 2541 fuisse
1593 2499 1631 2541 δ
1661 2498 1674 2554 ΙΙ
1707 2501 1732 2539 3
1767 2510 1918 2541 601116-

222 2557 304 2599 ten
336 2557 406 2614 Z]
434 2559 612 2601 comete
645 2560 956 2615 ΗΚΟΡΤ<Φ)
1003 2560 1124 2601 -tam
1156 2560 1194 2602 δ
1225 2559 1238 2614 ΙΙ
1269 2562 1297 2600 4
1330 2557 1439 2601 60116
1483 2556 1588 2602 add.
1627 2557 1704 2600 Ge.
1738 2558 1751 2613 Η
1784 2561 1810 2599 6
1844 2571 1918 2600 60-

223 2617 378 2659 metae
409 2616 627 2675 Fortun]
662 2618 856 2661 cometis
892 2620 896 2673 1
931 2619 1084 2660 facem
1111 2617 1209 2675 Ge]
1243 2617 1412 2661 faciem
1443 2618 1456 2673 ΙΙ
1488 2622 1513 2659 ’1
1548 2616 1737 2671 quidem
1768 2615 1918 2660 multa

223 2675 322 2719 coll.
357 2676 394 2719 δ
430 2676 434 2731 Ι
477 2675 684 2734 fuerunt]
725 2676 855 2720 fuere
886 2681 960 2719 ΕΖ
992 2679 1005 2733 Η
1039 2682 1063 2718 8
1098 2677 1168 2735 ut]
1202 2677 1388 2732 quando
1429 2678 1467 2720 δ
1504 2678 1518 2733 Ι]
1562 2678 1589 2717 9
1627 2675 1737 2733 fuit]
1785 2675 1919 2718 fluxit

223 2734 461 2789 Schultess,
492 2735 588 2778 ruit
616 2736 693 2780 Ge.
719 2738 732 2793 Ι]
764 2741 809 2778 11
840 2736 1087 2794 habentes]
1119 2736 1304 2779 habetis
1333 2738 1385 2779 Φ
1407 2738 1420 2793 ΙΙ
1454 2740 1511 2779 22
1537 2737 1602 2791 et]
1637 2748 1690 2777 ex
1717 2735 1882 2779 Koeler
1909 2736 1914 2790 Ι

224 2793 375 2836 isdem
399 2794 451 2852 B]
485 2794 668 2838 hisdem
692 2798 794 2839 ΔΦ
816 2796 830 2854 Η
854 2801 910 2839 23
943 2795 1138 2853 turbidi]
1174 2796 1258 2839 -da
1282 2798 1320 2839 δ
1343 2797 1356 2852 ΙΙ
1381 2800 1438 2838 24
1470 2794 1662 2838 humida
1695 2794 1918 2849 aridaque

224 2854 323 2896 coll.
358 2854 396 2897 δ
404 2855 439 2896 λ
483 2855 487 2910 Ι
531 2855 652 2913 exh.]
696 2855 880 2898 exalata
911 2859 939 2898 J
948 2859 1070 2913 Κορ
1114 2858 1118 2910 1
1160 2855 1413 2913 uei-santis]
1447 2856 1537 2897 -tes
1570 2855 1608 2897 δ
1649 2855 1662 2910 ΙΙ
1710 2858 1765 2896 25
1800 2854 1918 2912 acc]

225 2913 476 2957 ascendere
509 2915 587 2957 ‹50
