1988 3138
0 0 16 50 Γ.

0 55 11 84 τ
19 80 21 83 .

0 82 25 180 ἓ

0 206 13 246 k

0 474 16 592 ι
84 537 106 568 .

0 594 12 627 b

0 673 8 715 Ι

0 2454 20 2642 ἕ

365 95 593 141 ΝΑΤῸΒ.
626 90 879 152 QUAEST.
909 95 1022 141 LIB.
1053 87 1174 141 sva.
1204 95 1601 142 FRAGMENTA.
1727 97 1834 150 159

241 216 381 271 ἀλλὰ
420 215 511 271 καὶ
544 220 956 288 Δικαίαρχος
998 218 1087 286 (fr.
1121 220 1193 272 52
1222 218 1288 270 F.
1312 218 1386 271 H.
1415 217 1481 272 G.
1521 218 1674 286 IIp.
1699 219 1830 288 251)
1865 232 1893 271 6

129 291 192 345 ἐν
225 293 479 368 Περιόδω
518 300 618 362 γῆς
655 290 716 346 ἐκ
746 300 842 362 τῆς
867 290 1219 363 Ἀτλαντικῆς
1257 293 1535 362 θαλάττης
1573 293 1673 346 τὸν
1696 297 1831 347 Νεῖ-

129 371 230 420 λον
267 361 597 437 ἀναχεῖσθαι
633 366 908 436 βούλεται.

239 440 458 511 [desunt
493 440 775 495 Posidonii
810 445 859 494 et
894 441 1059 494 Iubae
1096 441 1405 511 doctrinae]
1833 455 1924 495 7-8

242 518 488 569 unimam
526 512 631 582 μὲν
670 510 777 568 οὖν
815 516 873 569 αἱ
910 515 1036 583 περὶ
1077 516 1250 569 αὐτοῦ
1289 515 1463 584 δόξαι,
1501 517 1564 570 τὸ
1606 514 1655 570 δ’
1703 516 1890 586 ἄλη-9

127 586 229 653 θὲς
266 591 403 643 κατὰ
441 592 573 653 τοὺς
605 589 942 660 ἀνθρώπους
972 590 1106 653 τέως
1139 590 1414 659 οὐδαμοῦ·
1453 592 1590 644 κατὰ
1622 592 1727 662 γὰρ
1766 592 1829 646 τὸ

124 663 389 811 mog}
377 664 440 718 τὸ
480 662 531 717 δ’
577 660 798 734 ἀτρεκὲς
842 662 906 718 ἐν
942 666 1113 732 βαθεῖ
1150 663 1267 718 ἐστι
1320 663 1510 736 (βάθει
1562 664 1682 719 ἐστί
1715 683 1832 719 con-

243 899 307 943 ad
334 899 371 958 5
401 903 432 944 6
463 903 526 954 (et
555 914 654 957 cap.
677 903 724 954 2,
746 903 829 956 22)
863 900 1054 945 Lucani
1082 901 1246 945 Phars.
1282 901 1333 944 X
1361 903 1455 946 255
1470 915 1560 958 sqq.

212 973 371 1003 rumor
400 961 458 1004 ab
490 973 670 1014 oceano,
702 960 784 1016 qui
813 965 962 1004 terras
989 960 1157 1018 alliqat
1186 974 1350 1015 omnes,

211 1019 474 1063 exundante
504 1022 664 1076 procul
693 1020 940 1064 violentum
969 1034 1200 1076 erumpere
1230 1020 1397 1064 Nilum
1816 1050 1819 1052 -

211 1092 539 1136 aequoreosque
568 1080 686 1124 sales
717 1080 852 1138 lonyo
883 1080 1107 1124 mitescere
1137 1084 1290 1124 tractu
1321 1081 1400 1135 (cf.
1426 1081 1560 1125 Diels
1584 1095 1634 1137 p.
1662 1084 1756 1137 14).

241 1168 304 1212 ad
333 1168 369 1227 ,§'
401 1173 429 1212 7
460 1170 650 1213 Lucani
678 1169 844 1214 Phars.
879 1169 932 1213 X
959 1172 1056 1214 258
1071 1183 1187 1226 sqq:

300 1242 382 1273 nec
411 1242 505 1272 non
537 1242 703 1273 oceano
725 1229 863 1286 pasci
892 1229 1209 1286 Phoebumque
1233 1231 1482 1286 polumque

299 1289 538 1333 credimus.
599 1289 721 1334 hunc
750 1289 894 1333 calidi
923 1289 1071 1347 tetiyit
1100 1303 1203 1334 cum
1235 1290 1423 1334 brachia
1453 1290 1632 1345 cancri,

299 1347 367 1392 sol
398 1349 523 1404 rapit
554 1352 687 1404 atque
718 1349 872 1393 undae
894 1349 1007 1405 plus
1038 1363 1174 1405 quam
1207 1349 1328 1405 quod
1358 1349 1538 1407 diyerat
1567 1354 1647 1394 ae'r

298 1407 499 1451 tollitur:
527 1407 610 1452 hoc
638 1412 788 1452 noctes
816 1409 1022 1463 referunt
1051 1409 1252 1465 Niloque
1282 1409 1549 1463 refundunt.

122 1467 200 1520 fef.
228 1466 362 1511 Diels
383 1481 433 1524 p.
459 1471 520 1511 16
549 1473 592 1512 et
618 1482 665 1524 p.
691 1471 825 1524 Ssq„
857 1467 1024 1513 Studia
1055 1482 1153 1513 mea
1177 1469 1212 1511 I
1231 1471 1322 1513 102
1336 1482 1399 1525 sq.
1455 1469 1701 1514 Posidonii
1728 1471 1827 1515 rell.

119 1526 187 1570 ed.
216 1526 344 1570 Bake
369 1541 417 1583 p.
445 1530 506 1571 66
519 1531 606 1583 sq.)

238 1587 388 1631 Amm.
415 1586 568 1631 Marc.
598 1590 677 1641 22,
710 1590 782 1641 15,
808 1590 858 1631 6.·

239 1659 296 1690 ex
326 1646 607 1703 Aethiopicis
650 1647 891 1700 imbribus,
934 1647 1017 1703 qui
1058 1646 1346 1691 abundantes
1388 1649 1441 1691 in
1478 1649 1701 1693 tractibus
1731 1648 1828 1693 illis

114 1718 199 1761 per
239 1710 390 1750 aestus
428 1706 625 1750 torridos
662 1706 822 1751 cadere
859 1712 1182 1760 memorantur,
1219 1707 1551 1752 exundationes
1582 1709 1680 1752 eius
1709 1722 1759 1752 cr
1760 1709 1827 1767 iqi

118 1764 238 1808 anni
259 1765 532 1822 temporibus
553 1766 773 1810 adserunt
795 1766 883 1809 alii
908 1767 1198 1822 praestitutis
1222 1769 1355 1821 (num
1377 1768 1434 1821 cf.
1453 1768 1642 1811 Lucani
1657 1768 1821 1813 Phars.

120 1823 171 1867 X
197 1827 292 1869 240
330 1829 452 1870 stata
486 1824 764 1882 tempora?):
806 1826 927 1881 quod
969 1830 1208 1883 utrumque
1253 1826 1330 1881 (cf.
1362 1828 1398 1884 5
1421 1830 1449 1871 5
1488 1841 1707 1884 supr.ap
1734 1830 1826 1872 157

117 1883 232 1939 acu)
283 1884 519 1930 dissonare
564 1883 745 1929 videtur
790 1899 821 1930 a
873 1886 1072 1930 veritate.
1137 1887 1215 1942 (cf.
1247 1885 1378 1931 Stud.
1411 1886 1448 1930 I
1475 1901 1522 1943 p.
1558 1891 1645 1931 101
1671 1901 1732 1945 sq.
1782 1893 1826 1933 et

119 1942 364 1988 Posidonii
390 1945 486 1989 rell.
520 1944 587 1988 ed.
622 1944 751 1989 Bake
777 1958 825 2001 Ρ.
852 1948 914 1988 97
929 1948 1043 2001 sqq.)

238 2038 301 2085 ad
329 2039 364 2098 5
395 2046 426 2085 8
457 2041 645 2086 Lucani
676 2042 839 2086 Phars.
875 2041 926 2085 X
953 2045 1049 2087 290
1064 2055 1153 2098 sq.:

324 2114 486 2146 cursus
515 2101 567 2144 in
599 2114 783 2146 occasus
811 2101 935 2157 flexu
967 2107 1201 2158 torquetur
1230 2106 1271 2146 et
1301 2106 1429 2146 ortus

324 2174 450 2205 nunc
479 2160 691 2205 Arabum
716 2159 918 2217 populis,
950 2161 1139 2218 Libycis
1169 2174 1294 2206 nunc
1316 2175 1490 2218 aequus
1519 2162 1685 2206 arenis.

117 2221 194 2274 (ct.
227 2218 377 2264 Jubae
406 2219 467 2275 fr.
498 2222 562 2264 29
594 2220 747 2265 FHG-
780 2218 873 2264 III
898 2223 1002 2265 473.
1058 2220 1188 2266 Stud.
1223 2221 1258 2265 I
1276 2235 1324 2278 Ρ.
1351 2224 1456 2275 103,
1487 2220 1622 2266 Diels
1646 2235 1695 2279 Ρ.
1720 2224 1820 2278 21.)

234 2279 384 2324 Amm.
420 2279 628 2325 Marcell.
660 2282 739 2333 22,
772 2283 844 2335 15,
874 2282 928 2324 8.

233 2352 316 2383 rex
338 2344 486 2384 autem
511 2338 637 2383 Juba
661 2314 946 2384 Pu'nicorum
977 2341 1094 2395 conf
1093 2354 1174 2384 sus
1205 2343 1331 2384 textu
1363 2340 1583 2385 librorum
1615 2355 1645 2385 a
1675 2347 1822 2386 monte

115 2395 312 2453 quodam
355 2398 471 2443 oriri
513 2391 613 2443 e'um
654 2399 864 2455 exponit,
901 2400 983 2456 qui
1019 2401 1139 2445 situs
1176 2400 1229 2443 in
1262 2400 1565 2445 Mauritania
1595 2401 1823 2457 despectat

120 2456 374 2512 Oceanum;
403 2458 559 2516 hisque
584 2457 771 2502 indiciis
801 2459 883 2503 hoc
902 2459 1140 2516 proditum
1160 2459 1242 2515 ait,
1266 2459 1388 2516 quod
1412 2460 1559 2516 pisces
1590 2466 1630 2505 et
1660 2460 1821 2506 herbae

115 2521 155 2561 et
187 2517 343 2563 beluae
371 2518 542 2563 similes
568 2532 652 2574 per
682 2532 758 2562 eas
785 2519 980 2574 paludes
1008 2518 1278 2577 qiynuntur.

234 2612 298 2657 ad
327 2614 364 2671 ,ξ
393 2618 423 2658 9
454 2614 556 2659 Sen.
592 2614 703 2659 Nae
740 2613 919 2683 Quaest.
956 2615 1058 2659 VII
1084 2618 1159 2670 32,
1184 2618 1211 2659 4
1258 2616 1340 2660 vix
1370 2615 1434 2659 ad
1463 2617 1662 2671 fundum
1696 2631 1817 2662 vent-

118 2676 255 2726 retwr,
295 2674 347 2716 in
393 2687 482 2729 quo
532 2674 694 2718 veritas
734 2674 886 2730 posita
932 2680 1007 2719 est.
1082 2675 1136 2719 de
1168 2675 1308 2729 benef.
1347 2675 1443 2719 VII
1468 2680 1507 2730 1,
1534 2680 1563 2719 6
1609 2676 1818 2721 involuta

118 2732 282 2777 veritas
311 2732 361 2776 in
393 2733 487 2777 alto
517 2739 594 2778 est.
659 2735 736 2788 (cs
773 2734 828 2778 G.
851 2734 1039 2789 Muller,
1071 2735 1196 2780 Diss.
1227 2749 1272 2791 Ρ.
1302 2738 1374 2789 17,
1391 2738 1458 2790 2.)
