1988 3138
74 412 95 443 4

140 126 244 175 110
402 174 425 178 ᾳ,
667 125 716 167 L.
740 122 989 167 IANNAEI
1020 124 1295 170 SENECAE

134 249 238 315 est3
309 249 418 297 tam
490 247 782 327 solstitium
845 264 1005 314 quam
1068 248 1472 315 aequinoctium
1531 263 1655 301 suos
1719 248 1830 302 dies

133 288 384 446 retgglliiit
436 397 489 447 et
539 393 636 446 sub
690 398 830 447 terra
872 395 1049 447 minus
1089 398 1218 447 nota
1254 388 1411 448 nobis
1453 397 1570 448 iura
1607 400 1833 450 naturae

133 468 223 520 sed
255 486 365 520 non
397 469 573 520 minus
607 473 771 521 certa:
814 469 966 522 crede
999 469 1152 538 infra,
1185 470 1441 539 quicquid
1472 470 1621 523 vides
1655 490 1827 540 supra.

133 546 258 594 sunt
304 546 357 595 et
407 543 520 594 illic
560 559 748 612 specus
788 544 926 595 vasti
982 542 1152 612 [sunt]
1202 544 1552 614 ingentesque
1590 563 1828 598 recessus
1854 569 1876 601 5

131 634 192 668 ac
233 618 407 684 spatia
447 618 718 686 suspensis
766 617 893 669 hinc
933 621 986 670 et
1033 618 1155 671 inde
1195 619 1468 671 montibus
1508 619 1651 688 laxa3
1706 623 1831 672 sunt

131 691 346 759 abrupti
398 692 456 743 in
506 691 778 744 infinitum
829 691 1031 760 hiatus,
1072 693 1164 760 qui
1205 711 1360 761 saepe
1413 693 1629 762 illapsas
1670 694 1827 747 urbes

129 768 447 833 receperunt
486 769 539 818 et
577 766 849 835 ingentem
888 766 1100 818 ruinam
1142 767 1198 818 in
1229 767 1338 820 alto
1373 767 1725 821 condiderunt
1756 799 1828 804 ———

129 838 259 891 haec
310 839 503 908 spiritu
543 840 702 908 plena
741 843 886 909 sunt,
926 839 1065 893 nihil
1104 841 1246 893 enim
1285 859 1512 910 usquam
1553 842 1708 894 inane
1749 846 1830 895 est

132 945 200 950 —
243 917 296 966 et
335 917 524 984 stagna
564 915 781 967 obsessa
819 914 1052 967 tenebris
1094 918 1146 968 et
1183 915 1317 968 locis
1357 916 1395 983 ’1-
1435 916 1640 984 amplis.
1720 917 1830 968 ani·
1853 939 1896 972 10

130 988 292 1040 013113
332 1006 550 1057 quoque
602 989 709 1041 illis
751 989 1114 1059 innascuntur,
1164 989 1257 1042 sed
1295 989 1447 1042 tarda
1486 994 1539 1043 et
1578 991 1830 1043 informia

129 1066 190 1113 ut
228 1062 285 1113 in
324 1066 442 1115 3010
484 1080 640 1115 03000
680 1064 977 1134 pinguique
1018 1067 1276 1132 concepta
1324 1067 1376 1117 et
1424 1065 1577 1132 aquis
1617 1068 1827 1133 torpen-

130 1137 274 1189 tibus
331 1137 463 1204 situ,
516 1136 773 1205 pleraque
829 1156 895 1191 ex
941 1137 1025 1190 his
1075 1155 1230 1191 caeca
1274 1142 1336 1190 ut
1382 1139 1557 1207 talpae
1606 1142 1659 1191 et
1706 1139 1828 1192 sub-

130 1211 357 1263 terranei
405 1230 604 1278 010103,
653 1213 779 1280 quia
819 1212 966 1265 deest
1010 1213 1215 1281 lumen,
1255 1212 1399 1281 quod
1438 1231 1824 1282 supervacuum

127 1287 229 1355 est3
276 1284 422 1354 inde,
467 1289 530 1338 ut
569 1285 1052 1354 Theophrastus
1100 1286 1355 1354 affirmat,
1395 1288 1568 1356 pisces
1609 1288 1825 1357 quibus·
1850 1311 1893 1343 15

131 1357 252 1411 dam
292 1360 427 1413 locis
469 1364 738 1413 eruuntur.

241 1433 322 1485 17.
385 1433 559 1487 Multa
604 1434 708 1488 hoc
746 1435 866 1487 loco
907 1436 1008 1487 tibi
1057 1436 1112 1487 in
1150 1438 1384 1488 mentem
1424 1436 1647 1488 veniunt
1686 1436 1826 1489 dieta

126 1509 326 1561 urbane
360 1509 415 1561 in
437 1528 494 1562 re
527 1510 840 1563 incredibili.
895 1509 1133 1562 fabulam
1160 1509 1317 1579 dicas,
1342 1527 1450 1562 non
1475 1529 1596 1563 cum
1618 1511 1824 1563 retibus

244 1658 269 1696 3
303 1655 359 1709 es.
379 1656 554 1699 Aetnae
584 1670 622 1699 v.
651 1659 738 1700 135
753 1670 815 1711 39.
849 1657 981 1700 certis
1013 1656 1097 1699 tibi
1122 1657 1320 1713 piynera
1351 1655 1486 1701 rebus
1517 1661 1650 1712 atque
1682 1657 1826 1701 oculis

125 1715 321 1758 haesura
347 1715 439 1758 tuis
463 1715 592 1759 dabit
614 1714 774 1759 ordine
798 1717 940 1759 tellus.
982 1715 1089 1759 add.
1110 1718 1361 1759 143—145.
1387 1717 1402 1773 55
1433 1719 1549 1758 4—8
1574 1717 1632 1770 ef.
1651 1718 1826 1760 Aetnae

124 1788 162 1817 v.
198 1776 291 1818 302
305 1787 366 1830 39.
401 1775 714 1818 credendumst
745 1776 881 1819 etiam
912 1780 1146 1819 ventorum
1179 1775 1365 1819 existere
1396 1788 1560 1819 causas
1590 1775 1672 1819 sab
1705 1780 1826 1819 terra

123 1833 289 1877 similis
329 1834 515 1887 haram,
556 1848 670 1890 quas
712 1835 938 1878 cernimus
983 1839 1125 1878 extra.
1189 1838 1278 1878 117
1294 1848 1383 1889 sqq.
1425 1836 1528 1889 quas
1569 1835 1687 1878 enim
1731 1848 1826 1879 ‘non

123 1893 265 1936 credit
308 1893 467 1937 inanis
508 1907 598 1937 esse
642 1893 773 1938 sinas
811 1895 999 1950 penitas
1029 1907 1114 1949 eqs.
1151 1897 1218 1950 (p.
1256 1898 1376 1948 108).
1425 1895 1439 1949 ΙΙ
1487 1898 1511 1935 5
1551 1895 1608 1948 ef.
1644 1895 1819 1938 Aetnae

125 1967 161 1995 υ.
188 1956 279 1995 160
310 1957 542 2009 vastosque
571 1966 768 1997 recessus
798 1953 813 2012 55
846 1957 985 1996 5—10
1017 1954 1074 2007 ef.
1095 1955 1271 1997 Aetnae
1302 1967 1341 1996 v.
1363 1956 1450 1997 137
1461 1967 1552 2009 sqq.
1586 1955 1824 1998 immensos

118 2012 382 2068 plerumque
426 2013 560 2056 sinus
592 2047 599 2055 .
636 2048 644 2057 .
679 2013 904 2068 densaque
944 2013 1211 2057 abscondita
1247 2017 1372 2057 noete
1399 2047 1407 2057 .
1437 2048 1445 2055 .
1469 2013 1605 2058 chaos
1646 2019 1822 2058 vastam

124 2076 163 2113 et
193 2072 290 2114 sine
331 2071 422 2124 tine
451 2071 618 2116 ruinas
643 2108 650 2114 .
680 2108 688 2115 .
715 2076 794 2115 (1οϊ
824 2078 1003 2116 tantum
1035 2073 1194 2129 effuyit
1225 2072 1349 2116 ultra
1381 2073 1395 2128 55
1427 2076 1476 2114 15
1509 2073 1565 2127 ef.
1606 2072 1819 2129 Theophr.

122 2132 180 2183 fr.
209 2133 312 2184 171,
341 2134 368 2174 7
399 2131 535 2174 Wim.
625 2142 627 2146 ’

240 2283 262 2320 1
294 2291 401 2322 3003
433 2279 553 2336 dies]
587 2279 687 2323 dies
721 2294 827 2323 3003
852 2282 890 2324 δ
922 2294 1031 2323 suus
1065 2280 1106 2322 d.
1137 2280 1391 2324 Michaelis
1431 2279 1510 2324 sed
1539 2281 1595 2335 cf.
1624 2280 1819 2324 Ku'lmeo

121 2339 154 2395 ᾧ·
187 2341 290 2392 103,
305 2342 336 2382 2
379 2340 393 2395 55
435 2343 463 2381 2
495 2338 680 2382 rettulit
713 2339 867 2397 Gertz]
899 2338 1064 2383 retulit
1105 2341 1118 2395 55
1163 2343 1188 2381 5
1223 2341 1330 2383 sunt
1361 2340 1444 2383 del.
1482 2339 1560 2383 Ge.
1593 2353 1694 2383 eum
1724 2337 1775 2381 J²
1808 2341 1814 2395 5

122 2397 232 2455 que]
272 2411 355 2442 om.
388 2400 475 2442 ΔΕ
519 2400 532 2454 55
576 2403 603 2440 9
636 2397 780 2456 0111111]
829 2413 910 2443 om.
944 2413 978 2458 ρ
1025 2398 1038 2452 55
1076 2402 1128 2441 10
1160 2399 1227 2456 et]
1275 2412 1330 2442 ac
1361 2402 1390 2440 z
1437 2398 1581 2442 etiam
1610 2403 1667 2451 Ε,
1710 2400 1819 2441 sunt

122 2457 265 2499 etiam
298 2457 517 2516 Madvig),
559 2459 636 2502 sed
667 2459 725 2513 cf.
759 2459 789 2501 l.
814 2462 842 2502 5
885 2459 891 2514 5
933 2441 1048 2501 10013
1081 2458 1272 2516 amplis]
1304 2457 1434 2502 lacus
1467 2456 1612 2514 ampli
1636 2456 1818 2513 Haupt,

120 2517 223 2569 fon.
257 2515 357 2559 lu'to
391 2517 684 2573 amplissima
711 2518 788 2562 Ge.
821 2519 834 2573 55
872 2522 924 2560 12
948 2517 1222 2574 pinguique]
1267 2517 1495 2575 pigroque
1527 2518 1565 2561 «5
1596 2518 1609 2573 55
1641 2521 1691 2559 13
1725 2517 1816 2561 situ

120 2576 150 2617 i.
184 2589 217 2618 e.
260 2575 372 2633 lato]
413 2575 541 2620 facta
573 2579 612 2619 Δ
664 2579 670 2633 5
719 2577 962 2634 pleraque]
1009 2576 1239 2633 pluraque
1272 2578 1378 2633 (0)).
1421 2579 1427 2632 5
1471 2588 1610 2620 caeca
1649 2588 1705 2619 ex
1743 2576 1817 2619 his

121 2635 216 2679 coll.
251 2636 331 2693 ‹fg›
373 2637 387 2691 55
429 2639 481 2678 14
513 2636 646 2694 quia]
677 2636 847 2692 quibus
878 2641 955 2678 ET
990 2638 996 2692 5
1033 2636 1176 2694 quod]
1211 2636 1322 2691 quia
1349 2638 1402 2679 Φ
1431 2638 1446 2692 55
1489 2638 1540 2678 16
1573 2636 1816 2694 eruuntur]

119 2695 224 2748 fort.
251 2694 395 2750 plura
426 2696 691 2740 eaeciderunt
721 2696 841 2741 velat
870 2695 1024 2738 adhuc
1056 2695 1287 2752 spirantes
1318 2695 1386 2739 vel
1417 2694 1498 2750 qui
1527 2694 1818 2738 reuiuiscunt

122 2767 227 2796 cum
259 2753 325 2808 (in
357 2753 469 2810 olla)
513 2757 788 2823 coquuntur,
830 2756 886 2809 ef.
919 2755 1222 2811 1700011111.άο
1257 2756 1371 2811 pise
1406 2758 1434 2798 7
1448 2767 1509 2809 89.
1555 2759 1596 2797 et
1642 2754 1772 2809 infra
1801 2754 1816 2811 55

120 2818 165 2855 17
195 2812 324 2856 dicta
352 2813 450 2871 Ge]
485 2827 619 2869 quae,
650 2815 745 2859 nisi
775 2815 837 2858 ad
861 2827 982 2870 quae
1007 2814 1206 2858 addere.
1236 2815 1440 2870 ‚poetae
1472 2813 1687 2856 iocantur
1709 2814 1812 2869 vis¹
1806 2815 1812 2843 ¹

120 2878 168 2914 18
202 2872 272 2930 in]
304 2875 358 2915 ut
389 2872 438 2915 in
469 2877 546 2915 ΕΤ
589 2875 595 2929 5
638 2873 940 2931 incredibili]
980 2874 1177 2918 distinxi
1211 2886 1314 2917 eum
1344 2872 1557 2926 Skutsch,
1598 2848 1813 2916 credibili

122 2933 159 2975 ό
196 2935 201 2988 5
235 2931 467 2990 fabulam]
502 2932 692 2977 fabulae
724 2937 775 2987 z,
807 2933 890 2977 del.
917 2932 1099 2987 Haase,
1131 2931 1418 2976 fabulamur·
1452 2933 1547 2976 Leo
