1988 3138
470 88 697 134 NATUR.
731 87 984 143 QUAEs'r.
1014 87 1127 132 Lm.
1157 86 1280 132 Νι).
1315 91 1383 131 12.
1419 91 1487 131 13.
1726 85 1836 139 169

129 212 350 265 sumus?
408 229 600 280 nempe
638 214 700 263 ut
746 210 1034 281 gratuitam
1074 227 1373 263 mercemur
1410 227 1628 277 aquam:
1677 209 1837 261 nobis

129 288 287 355 dolet,
320 286 464 356 quod
496 287 760 355 spiritum,
793 284 941 353 quod
972 285 1140 337 solem
1172 302 1346 337 emere
1385 302 1496 336 non
1533 302 1835 353 possumne,

128 361 274 430 quod
311 360 402 414 1110
439 364 530 413 aer
567 361 727 413 etiam
769 359 1008 412 delicatis
1042 359 1407 426 divitibusque
1447 377 1512 411 ex
1551 358 1698 411 facili
1736 375 1835 410 1100

129 440 340 505 emptus
371 436 530 488 venit.
595 453 626 487 0
660 452 820 503 quam
859 434 1017 486 nobis
1055 434 1195 486 male
1235 436 1330 501 est,
1364 433 1511 501 quod
1543 433 1834 501 quicquam

85 533 104 564 5
130 530 160 562 a
197 529 374 563 rerum
413 513 606 562 natura
643 510 699 561 in
738 508 915 561 medio
954 508 1203 561 relictum
1244 509 1346 560 est!
1411 506 1517 560 hoc
1557 507 1702 576 quod
1741 508 1835 559 illa

127 584 292 637 fluere
342 587 396 637 et
444 588 626 653 patere
678 583 926 636 omnibus
966 583 1161 650 voluit,
1212 582 1363 635 cuius
1401 580 1654 634 haustum
1692 582 1834 634 vitae

127 659 407 728 publicum
448 659 591 725 fecit,
633 657 740 710 hoc
779 657 924 726 quod
961 660 1072 709 tam
1112 656 1322 709 homini
1361 675 1521 725 quam
1561 657 1688 709 feris
1729 657 1835 708 avi-

128 734 335 802 busque
386 736 440 786 et
490 732 828 786 inertissimis
880 732 1201 784 animalibus
1253 732 1310 783 in
1358 750 1516 783 usum
1574 732 1723 802 large
1774 748 1837 783 ao

128 808 283 861 beate
322 807 588 876 profudit,
628 809 814 860 contra
854 825 908 859 se
949 807 1227 876 ingeniosa
1273 806 1487 858 luxuria
1523 805 1731 876 redegit
1770 805 1838 858 ad

61 905 105 937 ιο
127 883 384 951 pretium:
418 881 549 935 adeo
573 881 712 934 nihil
743 882 825 933 illi
855 884 1035 950 potest
1059 882 1270 950 placere
1293 881 1399 933 nisi
1424 898 1620 933 carum.
1666 899 1835 932 unum

127 955 233 1010 1100
283 960 416 1023 erat,
469 956 617 1024 quod
667 955 858 1008 divites
909 956 966 1008 in
1016 974 1245 1024 aequum
1300 955 1486 1008 turbae
1539 954 1836 1023 deduceret,

129 1049 236 1100 quo
268 1049 376 1084 non
409 1035 630 1100 possent
661 1030 971 1084 antecedere
1002 1030 1426 1099 pauperrimum:
1459 1030 1555 1098 illi,
1587 1030 1674 1082 cui
1706 1029 1836 1081 divi-

128 1107 235 1159 tiae
289 1106 546 1159 molestae
606 1109 752 1173 sunt,
806 1106 1170 1175 excogitatum
1225 1108 1327 1172 est,
1384 1104 1836 1172 quemadmodum

0 1243 1 1246 ¹
129 1181 290 1233 etiam
331 1184 544 1249 caperet
584 1199 722 1249 aqua
759 1180 1042 1232 luxuriam.
1106 1179 1246 1232 unde
1279 1179 1346 1231 ad
1383 1178 1488 1232 1100
1518 1182 1834 1250 perventum

0 1266 2 1311 1
62 1269 104 1302 ¹⁵
129 1255 222 1323 sit,
271 1259 333 1307 ut
380 1256 531 1307 nulla
579 1255 736 1307 nobis
788 1273 930 1323 aqua
980 1255 1107 1307 satis
1154 1254 1351 1325 frigida
1388 1254 1658 1306 videretur
1699 1271 1836 1322 quae

0 1314 1 1338 ¹
128 1329 340 1397 flueret,
389 1330 575 1382 dicam.
655 1330 910 1398 quamdiu
959 1347 1117 1381 sanus
1158 1333 1211 1382 et
1251 1329 1480 1381 salubris
1522 1328 1629 1381 cibi
1669 1346 1836 1397 capax

129 1404 436 1457 stomachus
476 1407 557 1457 est
605 1405 989 1473 impleturque,
1038 1421 1149 1456 non
1186 1404 1463 1472 premitur,
1500 1403 1835 1456 naturalibus

128 1478 381 1532 fomentis
422 1483 704 1532 contentus
744 1482 845 1531 est:
884 1479 979 1531 ubi
1019 1478 1300 1531 cotidianis
1334 1477 1687 1531 cruditatibus
1726 1495 1838 1531 non

129 1555 387 1622 temporis
434 1558 611 1606 aestus
658 1553 750 1607 sed
790 1571 914 1606 suos
955 1554 1140 1621 sentit,
1179 1553 1274 1606 ubi
1313 1553 1541 1605 ebrietas
1583 1553 1838 1605 continua

62 1644 106 1676 ιο
130 1628 423 1681 visceribus
463 1628 660 1681 insedit
698 1632 752 1681 et
788 1628 1100 1697 praecordia
1138 1628 1262 1696 bile,
1301 1628 1358 1680 in
1399 1646 1560 1696 quam
1596 1627 1837 1694 vertitur,

129 1705 319 1770 torret,
373 1703 580 1771 aliquid
640 1704 938 1756 necessario
995 1703 1288 1772 quaeritur,
1343 1720 1450 1771 quo
1506 1705 1682 1755 aestus
1745 1702 1836 1755 ille

130 1778 421 1848 frangatur,
471 1779 565 1847 qui
611 1779 747 1858 ipsis
792 1778 951 1847 >>aquis
1003 1777 1298 1831 incalescit:
1347 1777 1596 1831 remediis
1648 1777 1837 1830 incitat

131 1852 335 1905 vitium.
400 1854 583 1921 itaque
614 1871 723 1906 11011
757 1856 956 1906 aestate
986 1856 1195 1905 tantum
1230 1852 1322 1906 sed
1354 1856 1408 1905 et
1445 1852 1621 1905 media
1658 1851 1835 1905 hieme

130 1927 307 1979 nivem
339 1926 441 1980 hac
473 1945 631 1980 causa
663 1928 866 1981 bibunt.
931 1946 1067 1996 quae
1105 1927 1265 1980 huius
1303 1927 1381 1979 rei
1414 1944 1573 1979 causa
1612 1929 1693 1979 est
1730 1925 1835 1979 nisi

64 2018 108 2051 2⁵
132 2001 443 2055 intestinum
484 2003 686 2055 malum
725 2006 780 2056 et
827 2003 961 2054 luxu
1001 2005 1252 2071 corrupta
1298 2001 1645 2071 praecordia?
1722 2001 1836 2070 qui-

132 2076 231 2128 bus
264 2076 472 2129 nullum
505 2076 845 2130 intervallum
885 2094 1160 2145 umquam,
1195 2095 1302 2145 quo
1345 2076 1837 2144 interquiescerent,

133 2149 312 2203 datum
356 2155 451 2218 est,
490 2151 583 2205 sed
621 2151 845 2221 prandia
877 2152 1021 2205 cenis
1053 2170 1222 2220 usque
1261 2151 1319 2204 in
1355 2151 1531 2204 lucem
1563 2150 1836 2220 perductis

132 2225 340 2296 ingesta
379 2229 505 2278 sunt
543 2230 597 2279 et
629 2226 888 2280 distentos
922 2226 1077 2295 copia
1115 2226 1439 2279 ferculorum
1482 2243 1543 2278 30
1581 2226 1837 2279 varietate

250 2436 272 2475 1
297 2433 489 2490 aquam]
523 2432 727 2488 haquam
751 2433 845 2476 ΡΖ
870 2435 884 2489 ΙΙ
909 2435 935 2475 3
968 2431 1113 2491 quod]
1147 2432 1262 2488 quid
1287 2436 1371 2475 ΕΗ
1395 2434 1409 2489 ΙΙ
1433 2435 1460 2475 6
1484 2431 1583 2476 uite
1615 2431 1837 2475 haustum

132 2491 229 2535 coll.
263 2492 344 2536 ἀλ
383 2494 398 2547 ΙΙ
437 2497 462 2535 7
497 2491 759 2551 publicum]
802 2506 836 2538 ε.
871 2493 899 2536 1.
933 2492 971 2536 δ
1009 2494 1024 2548 ΙΙ
1062 2496 1114 2535 10
1190 2491 1343 2536 lacere
1387 2493 1545 2548 potest
1587 2492 1684 2535 coll.
1718 2496 1790 2534 Es
1822 2491 1839 2548 Ι]

132 2554 183 2593 14
216 2551 360 2610 aqua]
400 2566 484 2596 om.
518 2552 661 2596 65¹1
695 2555 710 2608 ΙΙ
744 2556 794 2595 18
828 2551 977 2610 erud]
1021 2552 1162 2596 crude
1184 2550 1382 2596 itatibus
1416 2551 1512 2595 0¹1³
1560 2550 1834 2595 cruditatio-

134 2608 271 2653 nibus
304 2611 341 2655 ό
386 2611 582 2655 adustus
615 2612 719 2655 add.
746 2611 841 2654 10¹2
871 2613 887 2668 ΙΙ
917 2615 976 2655 80
1007 2625 1075 2668 pr.
1108 2611 1224 2670 bile]
1256 2610 1601 2668 precordiabile
1632 2611 1790 2654 ἙλΡΖ
1828 2611 1834 2666 Ι

134 2671 295 2728 quam]
343 2671 468 2726 quod
502 2673 553 2727 (λ.
571 2675 607 2726 ?)
653 2674 658 2726 Ι
701 2670 921 2730 uertitur]
967 2673 1218 2715 uertuntur
1249 2672 1287 2716 δ’
1319 2673 1332 2727 ΙΙ
1363 2675 1415 2714 21
1447 2670 1612 2729 torret]
1657 2671 1841 2714 torrent

134 2730 171 2773 ό·
206 2732 222 2784 n
256 2733 316 2773 22
347 2730 520 2789 frang]
565 2731 791 2786 fungatur
893 2731 899 2788 Ι
938 2729 1127 2790 incitat]
1169 2745 1228 2776 80.
1262 2736 1413 2776 aestus
1443 2739 1496 2775 ut
1530 2730 1723 2783 morbus,
1755 2730 1835 2773 vix

133 2789 404 2843 aetnnachue,
435 2790 744 2835 incitantibus
774 2790 833 2834 Jo
869 2825 878 2834 .
906 2790 1096 2844 Mallem
1127 2790 1354 2834 incitatur
1385 2791 1479 2834 Leo
1511 2792 1525 2846 ΙΙ
1560 2793 1616 2832 23
1650 2789 1716 2847 et]
1749 2802 1835 2833 om.

137 2849 191 2892 Φ
220 2851 236 2903 11
267 2852 326 2892 26
356 2851 599 2909 umquam]
633 2864 716 2894 om.
750 2851 788 2895 <5
822 2854 837 2907 ΙΙ
876 2853 932 2894 27
967 2849 1130 2894 datum
1163 2850 1252 2908 est]
1282 2854 1386 2907 post
1416 2848 1722 2893 interuallum
1754 2849 1838 2891 A).

134 2908 232 2953 coll.
276 2911 283 2965 Ι
325 2911 494 2969 usque]
526 2924 611 2955 om.
645 2924 678 2968 ρ
