1988 3138
511 125 735 171 NATUR.
770 124 1020 179 QUAEST.
1054 124 1164 168 LIB.
1197 123 1250 167 11.
1287 129 1325 167 1.
1359 128 1399 167 2.
1730 121 1802 173 43

108 250 338 304 arbustis
392 249 524 302 satis
579 247 787 317 quaerit
840 250 916 313 et,
970 249 1031 298 ut
1084 245 1586 298 iurisconsultorum
1639 244 1801 296 verbo

108 330 241 392 utar,
280 325 344 378 de
383 322 646 389 omnibus,
686 340 849 390 quae
890 322 1026 373 solo
1068 320 1495 373 continentur.

221 397 546 468 ‘quomodo',
585 396 780 465 inquis,
822 395 905 448 ‘de
944 399 1205 447 terrarum
1245 397 1396 446 motu
1432 392 1800 463 quaestionem
1835 404 1860 443 3

107 493 171 527 eo
211 473 439 543 posuisti
477 473 620 538 1000,
660 487 767 538 quo
808 469 871 522 de
911 468 1199 522 tonitribus
1245 468 1656 538 fulguribusque
1697 466 1802 518 dic-

62 570 84 603 ⁶
108 552 258 601 turus
289 545 408 600 es?’
463 546 589 614 quia
621 562 742 597 cum
774 547 952 597 motus
993 543 1186 612 spiritu
1225 542 1332 609 fiat,
1372 543 1592 611 spiritus
1626 543 1803 594 autem

106 627 197 675 afer
234 622 305 674 sit
343 621 590 691 agitatae,
629 619 838 672 etiamsi
878 618 1023 671 subit
1061 621 1253 684 terraS,
1300 635 1410 668 non
1450 617 1524 668 ibi
1564 618 1804 684 spectan-

107 697 204 749 dus
243 698 345 749 est:
386 695 652 765 cogitetur
690 694 745 745 in
785 712 847 746 ea
885 692 1022 759 sede,
1063 693 1118 744 in
1151 710 1256 760 qua
1295 692 1448 743 illum
1481 693 1671 742 natura
1703 690 1804 742 ‹fis-

105 771 299 840 posuit.
392 769 588 835 dicam,
642 767 787 836 quod
839 768 1011 838 magis
1066 767 1262 818 mirum
1315 765 1604 818 videbitur:
1667 765 1806 817 inter
1836 777 1864 815 4

107 844 354 898 caelestia
385 843 448 896 de
481 847 620 896 terra
652 842 934 895 dicendum
966 842 1078 894 erit.
1144 839 1388 909 equa.re‘?'
1430 840 1621 908 inquis.
1679 839 1806 907 quia

40 941 84 974 ιο
107 938 229 973 cum
278 918 497 988 propria
545 921 714 970 terrae
766 916 933 985 ipsius
973 916 1272 969 excutimus
1312 933 1408 967 suo
1448 915 1585 981 1000,
1624 915 1804 965 utrum

105 996 216 1048 lata
253 994 325 1046 sit
360 996 415 1046 et
461 992 754 1061 inaequalis
793 995 847 1044 et
885 990 1175 1044 enormiter
1213 990 1452 1058 proiecta
1490 1007 1557 1040 an
1597 990 1711 1039 tota
1750 987 1805 1039 in

106 1069 334 1121 formam
383 1067 524 1136 pilae
576 1069 780 1135 spectet
830 1068 884 1118 et
934 1066 990 1117 in
1030 1065 1213 1117 orbem
1253 1067 1430 1132 partes
1470 1081 1591 1115 suas
1633 1065 1805 1132 cogat,

106 1143 293 1214 alliget
341 1159 505 1210 aquas
556 1159 624 1193 an
674 1140 827 1208 aquis
878 1140 1143 1210 alligetur,
1195 1139 1312 1207 ipsa
1361 1138 1560 1190 animal
1614 1137 1685 1189 sit
1738 1155 1805 1188 an

108 1218 248 1270 iners
300 1234 494 1285 corpus
545 1219 599 1268 et
649 1216 761 1267 sine
813 1233 994 1280 sensu,
1043 1215 1264 1282 plenum
1315 1212 1532 1280 quidem
1585 1211 1804 1280 spiritus

41 1313 84 1346 ιε
108 1291 202 1345 sed
253 1291 435 1357 alieni,
489 1293 543 1343 et
597 1293 771 1342 cetera
823 1288 1155 1354 huiusmodi,
1204 1288 1450 1356 quotiens
1508 1287 1563 1338 in
1616 1303 1805 1338 manus

107 1366 363 1432 venerint,
402 1368 596 1418 terram
636 1366 925 1432 sequentur
962 1367 1016 1416 et
1055 1363 1110 1414 in
1143 1363 1251 1414 imo
1285 1361 1712 1414 collocabuntur:
1753 1362 1807 1411 at
1839 1372 1864 1410 5

108 1441 200 1493 ubi
240 1443 536 1509 quaeretur,
576 1439 695 1507 quis
746 1441 915 1491 terrae
956 1438 1089 1490 situs
1138 1438 1228 1503 sit,
1276 1455 1383 1505 qua
1431 1438 1581 1505 parte
1620 1434 1806 1487 mundi
1914 1488 1923 1497 ,
1984 1494 1988 1498 Α

109 1514 428 1580 consederit,
468 1512 737 1582 quomodo
778 1512 1028 1570 adversus
1069 1512 1241 1564 sidera
1281 1512 1592 1578 caelumque
1672 1509 1808 1561 osita
1833 1508 1884 1543 ’Ἴ
1907 1500 1955 1568 '¹3²

109 1590 200 1656 sit,
245 1588 378 1642 haec
416 1588 656 1656 quaestio
698 1587 849 1640 cedet
887 1579 1251 1655 superioribus
1290 1589 1365 1651 et,
1405 1588 1466 1637 ut
1506 1586 1579 1636 ita
1619 1528 1669 1635 d)
1704 1582 1718 1585 ⁴
1784 1577 1823 1585 ”

41 1685 85 1717 20
109 1664 383 1717 meliorem
423 1662 790 1715 condicionem
832 1664 1095 1729 sequetur.

220 1738 267 1790 2.
309 1736 574 1800 Quoniam
606 1736 716 1788 dixi
756 1735 819 1788 de
860 1736 1115 1804 partibUS,
1156 1736 1210 1787 in
1243 1752 1374 1803 quas
1416 1733 1590 1786 omnis
1628 1750 1806 1785 rerum
1841 1745 1863 1783 1

109 1816 327 1865 naturae
378 1811 599 1864 materia
649 1810 924 1876 dividitur,
981 1809 1240 1878 quaedam
1291 1809 1346 1860 in
1398 1826 1680 1861 commune
1732 1806 1806 1858 di-

110 1886 276 1940 cenda
325 1889 470 1953 sunt3
524 1889 579 1938 et
626 1883 731 1938 hoc
773 1884 1008 1954 primum
1047 1882 1516 1953 praesumendum,
1568 1882 1707 1934 inter
1745 1899 1807 1938 ea

110 1979 356 2031 corpora,
406 1960 599 2029 quibus
651 1960 825 2012 unitas
877 1962 979 2026 est,
1029 1963 1151 2011 aera
1201 1977 1329 2011 esse.
1408 1956 1537 2025 quid
1584 1956 1654 2009 sit
1704 1956 1808 2008 hoc
1840 1968 1864 2007 2

42 2056 87 2090 ιε
109 2035 232 2104 (et)
272 2054 432 2105 quare
473 2034 907 2103 praecipiendum
947 2034 1130 2100 fuerit,
1170 2033 1319 2099 scieS,
1360 2032 1405 2084 si
1444 2032 1606 2100 paulo
1647 2030 1806 2083 altius

111 2110 371 2180 repetiero
411 2112 464 2162 et
514 2108 696 2162 dixero
747 2127 860 2161 esse
900 2108 1104 2177 aliquid
1142 2107 1366 2175 (unum,
1407 2105 1646 2174 aliquid>
1686 2119 1808 2158 con-

229 2290 258 2329 4
289 2284 510 2343 posuisti]
540 2298 599 2329 sc.
633 2298 676 2341 p.
706 2286 872 2339 42,10,
903 2297 998 2329 non
1029 2284 1144 2329 libro
1184 2283 1258 2327 VI
1287 2285 1292 2339 Ι
1326 2282 1444 2338 loco,
1478 2295 1570 2339 quo
1600 2307 1651 2314 -—
1679 2285 1704 2324 5
1738 2281 1806 2339 es]

111 2345 176 2390 ad
196 2346 380 2391 mulum
412 2345 520 2389 libri
548 2344 716 2402 releqat
739 2344 857 2389 Pius
882 2343 1012 2388 Kem
1035 2357 1171 2397 meus,
1203 2356 1282 2411 eqo
1305 2342 1360 2387 de
1385 2342 1677 2399 praefatione
1702 2341 1809 2385 libri

115 2405 192 2449 IV
203 2405 230 2450 b
260 2406 575 2463 coyitaveram.
607 2405 622 2459 ΙΙ
652 2407 680 2447 4
711 2402 963 2447 tonitribus
986 2403 1108 2461 ΔΦ]
1139 2402 1359 2446 tonitruis
1384 2404 1467 2446 ΔΤ
1501 2404 1507 2458 Ι
1543 2400 1808 2458 fulguribus

112 2464 256 2523 Βλτ]
292 2463 554 2522 fulgoribus
587 2464 714 2507 AB?
758 2463 772 2519 n
820 2467 846 2506 5
879 2463 1052 2522 motus]
1085 2464 1237 2507 terrae
1270 2461 1375 2507 add.
1407 2464 1446 2505 Δ
1494 2462 1509 2517 11
1555 2464 1583 2504 Β
1615 2474 1695 2504 aer
1726 2459 1806 2518 sit]

112 2524 176 2568 sit
205 2537 287 2568 aer
317 2526 357 2568 Δ
394 2526 400 2579 Ι
435 2522 619 2568 etiamsi
652 2521 798 2581 subit]
831 2522 919 2566 etsi
952 2522 1119 2566 subeat
1150 2524 1189 2566 Δ
1227 2523 1233 2578 Ι
1276 2521 1560 2579 spectandus
1593 2520 1680 2578 est]
1715 2521 1746 2564 i.
1771 2534 1805 2562 e.

114 2584 374 2628 examinari
404 2583 550 2635 debet,
581 2583 636 2637 cs.
672 2581 988 2627 Weissenborn
1018 2582 1073 2626 de
1102 2581 1326 2640 yerundio
1352 2595 1399 2637 p.
1427 2584 1515 2625 136
1556 2581 1570 2636 ΙΙ
1618 2584 1644 2622 8
1676 2578 1807 2622 uide-

113 2641 241 2687 bitur
270 2642 438 2686 mirum
469 2642 567 2688 coll.
598 2643 638 2685 A
685 2643 700 2696 11
747 2644 799 2684 10
829 2640 998 2700 ipsius]
1029 2655 1112 2686 om.
1147 2643 1188 2686 A
1234 2643 1248 2698 ΙΙ
1295 2645 1347 2684 12
1380 2640 1538 2698 cogat]
1576 2640 1690 2697 agat
1723 2641 1762 2682 A
1795 2639 1808 2693 ΙΙ

113 2706 165 2746 18
196 2702 465 2760 sequentur]
499 2702 792 2757 seq(uu)ntur
814 2715 847 2760 ρ
883 2702 888 2754 Ι
924 2701 1038 2760 imo]
1069 2714 1163 2745 uno
1186 2704 1389 2744 rosn
1422 2699 1527 2743 imis
1547 2701 1586 2743 A
1618 2700 1632 2754 ΙΙ
1664 2702 1712 2740 17
1747 2697 1809 2740 sit

114 2762 232 2806 situs
262 2761 359 2807 coll.
394 2763 434 2805 A
488 2764 502 2816 ιι
556 2764 607 2803 18
640 2761 786 2819 cons]
827 2758 1092 2805 subsederit
1124 2762 1163 2804 A
1218 2762 1233 2816 ΙΙ
1286 2763 1338 2803 19
1370 2759 1522 2817 cedet]
1564 2757 1690 2802 cedit
1723 2758 1761 2800 A
1794 2758 1808 2810 ΙΙ

115 2824 175 2864 20
204 2820 443 2879 sequetur]
477 2819 687 2877 sequitur
719 2821 845 2863 AOP
874 2822 889 2875 11
928 2823 985 2864 28
1018 2821 1129 2864 sunt
1159 2819 1248 2863 dic.
1282 2819 1379 2863 coll.
1406 2820 1446 2862 A
1478 2820 1492 2874 ΙΙ
1524 2821 1583 2861 24
1615 2828 1809 2872 corpora

119 2878 300 2939 Koeler]
342 2893 537 2937 corpora
568 2892 598 2923 a
629 2881 668 2923 A
724 2892 915 2936 compar
945 2892 975 2923 a
1009 2881 1061 2923 Φ
1114 2881 1129 2935 ΙΙ
1182 2882 1241 2922 25
1281 2881 1329 2922 et
1366 2877 1472 2922 add.
1508 2877 1710 2929 eGer-tz,
1749 2876 1806 2930 cf.

111 2952 157 2995 p.
190 2941 264 2991 45,
287 2941 317 2983 5
367 2942 382 2994 Ι
435 2943 495 2983 28
526 2937 706 2995 aliquid
740 2951 840 2982 esse
871 2938 969 2983 coll.
996 2940 1036 2982 A
1073 2941 1078 2993 ζ
1114 2952 1258 2981 unum
1291 2936 1472 2993 aliquid
1505 2935 1611 2979 add.
1650 2935 1726 2977 Ge.

1655 1579 1809 1649 icam}
1825 1579 1834 1583 ’
1904 1608 1906 1610 ’
