1988 3138
187 119 294 172 194
412 156 434 160 --
718 119 768 164 L.
802 118 1038 163 ANNAEI
1070 118 1342 164 SENECAE

185 245 238 294 et
282 243 501 310 penates
558 259 681 293 suos
738 241 932 293 deserit
985 259 1047 293 ac
1098 260 1152 294 se
1199 243 1417 310 publico
1474 243 1661 296 credit:
1719 262 1877 312 quam

183 316 444 368 latebram
498 316 855 384 prospicimus
865 357 879 383 ,
937 315 1084 383 quod
1138 317 1419 384 auxilium,
1475 318 1519 369 si
1574 318 1717 370 orbis
1765 319 1880 386 ipse

183 391 364 442 ruinas
398 390 580 459 agitat,
614 391 658 441 si
689 390 808 457 hoc,
843 390 988 457 quod
1018 408 1116 441 nos
1149 394 1331 442 tuetur
1363 409 1424 443 ac
1456 393 1695 459 sustinet,
1722 411 1882 460 supra

187 464 331 532 quod
383 464 542 516 urbes
599 465 730 516 sitae
786 467 937 530 sunt,
1000 464 1146 531 quod
1199 464 1606 518 fundamentum
1663 467 1879 534 quidam

107 588 115 598 ,
171 539 328 611 011118
369 557 482 591 0880
516 538 776 605 dixerunt,
817 537 1042 591 discedit
1074 557 1134 591 ac
1166 539 1399 591 titubat?
1464 540 1594 608 quid
1626 539 1726 592 tibi
1767 560 1879 593 esse
1926 561 1946 593 5

64 659 71 668 .
173 613 293 665 ⁴non
340 613 456 664 dico
506 613 693 664 auxilii
741 613 832 665 sed
880 613 1061 664 solacii
1107 616 1307 681 potest,
1353 613 1448 665 ubi
1493 614 1658 666 timor
1695 615 1879 684 fugam

182 687 451 755 perdidit?
501 687 631 754 quid
679 689 780 755 est,
828 687 1069 754 inquam,
1126 689 1254 739 satis
1301 689 1592 756 munitum,
1640 689 1769 756 quid
1816 689 1881 740 ad

183 763 407 813 tutelam
456 762 671 813 alterius
721 779 782 813 ac
829 762 911 813 sui
956 761 1207 813 firmum?
1261 761 1471 814 hostem
1520 781 1673 814 muro
1713 765 1880 832 repel-

183 837 306 903 lam,
348 838 400 888 et
429 838 747 904 praeruptae
779 835 1077 887 altitudinis
1111 837 1327 888 castella
1357 838 1443 889 vel
1475 855 1699 906 magnos
1737 856 1880 890 exer-

186 911 322 962 citus
364 910 680 962 difficultate
720 909 895 962 aditus
942 911 1307 978 morabuntur,
1355 930 1385 962 a
1423 914 1740 980 tempestate
1782 930 1880 964 nos
1906 933 1949 964 10

183 984 420 1036 vindicat
467 988 654 1053 portus
663 1026 677 1052 ,
731 985 1037 1036 nimborum
1084 985 1194 1036 vim
1249 985 1469 1037 effusam
1516 989 1569 1037 et
1616 987 1728 1038 81110
1774 986 1880 1038 fine

185 1059 430 1111 cadentes
464 1077 627 1127 aquas
659 1062 801 1110 tecta
831 1060 1157 1127 propellunt,
1195 1060 1462 1129 fugientes
1494 1078 1605 1112 non
1637 1061 1880 1128 sequitur

184 1133 513 1201 incendium,
561 1133 813 1185 adversus
860 1134 1158 1185 tonitruum
1200 1137 1252 1186 et
1290 1135 1460 1185 minas
1505 1135 1638 1187 caeli
1678 1135 1880 1186 subter-

182 1226 372 1260 raneae
405 1207 593 1259 domus
634 1211 686 1260 et
727 1207 923 1260 defossi
962 1209 1019 1259 in
1058 1209 1225 1259 altum
1267 1226 1453 1276 specus
1492 1209 1726 1261 remedia
1757 1212 1881 1261 sunt

185 1279 349 1352 (ignis
382 1282 473 1333 ille
506 1282 746 1334 caelestis
779 1300 888 1334 non
918 1283 1312 1334 transverberat
1343 1286 1537 1334 terram
1564 1283 1654 1335 sed
1686 1285 1878 1354 exiguo
1906 1304 1948 1336 15

186 1357 297 1409 eius
346 1357 558 1409 obiectu
602 1354 929 1426 retunditur)
923 1398 952 1433 J
1007 1357 1064 1407 in
1117 1358 1422 1425 pestilentia
1475 1360 1682 1410 mutare
1733 1358 1879 1411 sedes

183 1431 311 1483 licet
348 1462 421 1467 —
467 1430 677 1482 nullum
738 1432 938 1483 malum
994 1431 1107 1483 sine
1162 1431 1357 1500 effugio
1413 1435 1506 1484 est.
1583 1450 1879 1499 numquam

184 1504 413 1556 fulmina
443 1506 673 1573 populos
706 1508 1072 1575 perusserunt3
1111 1505 1366 1574 pestilens
1399 1507 1604 1558 caelum
1636 1506 1882 1559 exhausit

183 1580 341 1631 urbes
352 1621 365 1647 ,
411 1597 522 1631 non
561 1579 802 1631 abstulit:
849 1579 952 1632 hoc
990 1581 1195 1632 malum
1233 1580 1491 1632 latissime
1530 1583 1678 1649 patet
1716 1581 1879 1633 inevi-

184 1653 361 1722 tabile,
402 1654 631 1721 avidum,
673 1654 887 1722 publice
926 1655 1162 1706 noxium.
1239 1672 1350 1706 non
1389 1655 1531 1706 enim
1572 1655 1758 1707 domos
1799 1673 1879 1707 so-
1904 1677 1947 1708 20

184 1730 297 1780 lum
353 1731 444 1780 aut
497 1728 729 1779 familias
785 1731 876 1780 aut
928 1729 1086 1780 urbes
1142 1729 1379 1798 singulas
1434 1729 1638 1781 haurit:
1695 1733 1878 1799 gentes

184 1805 323 1855 totas
377 1802 728 1872 regionesque
784 1803 1079 1873 submergit
1133 1805 1186 1854 et
1237 1803 1398 1855 modo
1459 1804 1628 1855 ruinis
1692 1804 1880 1872 operit,

185 1877 344 1929 modo
387 1876 443 1928 in
482 1878 645 1928 altam
677 1878 988 1946 voraginem
1029 1877 1211 1929 condit
1250 1895 1309 1929 ac
1347 1895 1413 1929 ne
1453 1878 1508 1929 id
1548 1878 1763 1944 quidem
1801 1896 1879 1930 re-

184 1951 402 2019 linquit,
451 1970 516 2003 ex
556 1969 661 2019 quo
703 1954 975 2019 appareat,
1022 1952 1166 2019 quod
1205 1970 1315 2004 non
1354 1955 1433 2004 est
1473 1953 1659 2004 saltem
1699 1953 1878 2020 fuisse,

187 2026 277 2078 sed
318 2044 477 2093 supra
513 2026 875 2078 nobilissimas
915 2026 1073 2078 urbes
1115 2026 1227 2078 sine
1267 2027 1377 2077 ullo
1418 2027 1645 2096 vestigio
1686 2027 1878 2094 prioris
1904 2048 1946 2080 25

184 2099 400 2151 habitus
442 2101 615 2151 solum
657 2100 971 2152 extenditur.
1049 2118 1147 2152 nec
1186 2100 1398 2168 desunt,
1439 2101 1531 2168 qui
1570 2100 1674 2152 hoc
1713 2119 1878 2171 genus

187 2174 374 2226 mortis
415 2174 586 2244 magis
627 2174 879 2243 timeant,
929 2192 1033 2242 quo
1082 2175 1137 2225 in
1178 2175 1463 2243 abruptum
1504 2193 1625 2227 cum
1666 2175 1877 2227 sedibus

304 2294 354 2332 13
387 2291 443 2345 cf.
477 2290 654 2334 Aetnae
685 2305 723 2334 v.
749 2293 845 2334 280
876 2291 1076 2334 caelestis
1102 2325 1109 2332 .
1140 2325 1147 2332 .
1173 2291 1335 2334 minas.
1373 2291 1387 2346 Η
1421 2294 1583 2346 25-19,
1610 2294 1781 2344 196,10
1820 2291 1878 2344 cf.

186 2350 362 2393 Aetuae
393 2364 431 2393 v.
458 2353 543 2393 171
561 2364 622 2405 sq.
964 2351 1071 2393 hinc
1101 2364 1232 2394 saevo
1264 2354 1451 2406 quassat
1479 2351 1611 2393 hiatu

422 2410 727 2464 fundamenta
756 2409 858 2463 soli,
889 2410 1123 2464 trepidant
1152 2410 1370 2465 urbesque
1399 2410 1609 2454 caducae.

305 2517 327 2553 1
359 2513 433 2570 ac]
460 2513 506 2556 et
531 2514 569 2555 δ’
590 2512 593 2570 ζ
617 2512 784 2570 credit]
811 2512 971 2555 condit
995 2514 1032 2556 δ
1048 2512 1062 2571 Η
1078 2518 1106 2555 2
1129 2513 1305 2570 prosp]
1331 2511 1528 2568 perspic.
1544 2514 1581 2556 δ
1602 2512 1607 2572 l
1627 2512 1728 2568 ipse
1753 2512 1878 2555 orbis

187 2572 282 2615 coll.
309 2573 344 2614 λ
383 2574 397 2627 Η
437 2576 462 2613 3
505 2571 658 2628 agitat
688 2572 827 2629 Εορ]
870 2572 1020 2628 agitet
1052 2573 1226 2616 &aaz
1266 2574 1280 2629 Η
1318 2577 1346 2614 4
1378 2572 1588 2629 quidam]
1629 2586 1662 2615 s.
1694 2573 1720 2616 Z.
1755 2573 1792 2616 δ
1801 2577 1832 2614 L
1865 2574 1878 2628 Η

188 2635 212 2672 5
245 2630 355 2687 tibi]
388 2630 456 2672 ibi
489 2632 525 2674 ό·
549 2633 563 2687 Η
588 2635 614 2673 6
648 2630 795 2674 auxili
826 2637 868 2674 et
898 2631 1043 2674 solaci
1067 2632 1256 2675 Skutsch
1279 2634 1293 2688 Η
1317 2636 1362 2673 11
1392 2631 1622 2688 vindicat]
1655 2631 1878 2674 uendicat

186 2694 300 2732 ΛΒΤ
329 2690 334 2748 Ι
362 2690 644 2748 nimborum]
679 2689 899 2733 imbrium
932 2692 970 2734 d
993 2693 1006 2746 Η
1031 2695 1081 2733 12
1113 2691 1264 2747 prop]
1299 2690 1532 2746 repellunt
1565 2692 1603 2734 d*
1626 2692 1640 2746 Η
1673 2695 1722 2733 13
1755 2691 1875 2733 toni-

186 2750 363 2807 truum]
404 2751 531 2791 -trua
573 2751 622 2805 (η
639 2751 783 2806 ?)EM
821 2750 955 2807 vulyo
994 2751 1007 2806 Η
1047 2754 1098 2792 14
1138 2750 1330 2807 defossi]
1371 2764 1453 2793 om.
1492 2751 1543 2793 Φ
1581 2751 1594 2805 Η
1633 2754 1682 2791 18
1723 2749 1874 2807 fulm.]

186 2808 380 2850 flumina
405 2808 589 2865 dJJKO1
616 2811 621 2865 Ι
649 2809 847 2867 pei-uss]
872 2811 1201 2865 percusserunt
1224 2814 1334 2851 LST
1358 2811 1682 2865 peruerterunt
1698 2813 1735 2850 A
1759 2822 1877 2851 mer-

188 2870 347 2911 serunt
378 2872 410 2909 B
435 2871 449 2923 Η
473 2872 525 2909 21
556 2867 734 2926 haurit]
768 2869 849 2910 sed
877 2870 915 2912 d*
938 2870 951 2924 Η
975 2873 1032 2911 22
1067 2869 1234 2926 subm]
1268 2868 1499 2911 subuertit
1531 2870 1569 2912 δ
1592 2871 1606 2924 Η
1629 2873 1685 2911 23
1720 2869 1793 2926 30]
1828 2870 1878 2911 at

189 2931 299 2969 OST
323 2929 336 2983 Η
361 2931 418 2969 24
449 2926 694 2985 relinquit]
727 2928 863 2982 -quid
894 2931 1051 2970 BJxo
1081 2928 1086 2986 Ι
1116 2929 1296 2985 appan]
1330 2927 1379 2970 id
1411 2928 1518 2971 add.
1553 2929 1590 2971 d*
