1988 3138
231 87 339 139 246
766 86 816 130 L.
849 86 1087 130 ANNAEI
1118 86 1391 131 SENECAE

232 208 403 261 crines
445 210 537 260 aut
576 209 632 260 in
672 210 926 261 interiora
955 208 1204 261 reductos
1238 212 1330 261 aut
1368 209 1424 260 in
1459 208 1627 262 latera
1657 209 1929 263 demissos

231 282 323 335 sed
377 283 487 334 sive
544 286 670 335 sunt
726 284 934 352 aliquae
990 283 1318 336 differentiae
1374 284 1592 336 illorum
1655 284 1765 336 sive
1820 302 1931 337 non

231 359 379 424 sunt,
429 356 612 409 eadem
662 358 797 409 fiant
845 358 1052 409 ratione
1100 373 1314 410 necesse
1365 361 1446 410 est
1486 361 1745 410 cometae:
1796 358 1931 410 illud

230 449 397 483 unum
450 434 691 484 constare
744 431 922 499 debet,
973 435 1183 500 praeter
1237 431 1457 484 solitum
1513 433 1681 500 aspici
1734 450 1929 485 novam

232 505 419 558 sideris
459 505 650 558 faciem
693 507 831 559 circa
870 525 925 559 se
967 506 1284 574 dissipatum
1323 507 1502 576 ignem
1543 507 1819 559 trahentis.

347 580 428 631 12.
472 578 801 642 Quibusdam
842 581 1187 649 antiquorum
1226 581 1359 633 haec
1397 581 1572 648 placet
1610 581 1768 633 ratio:
1809 598 1931 633 cum

233 672 297 706 ex
338 653 506 706 stellis
546 655 845 707 errantibus
887 655 1051 707 altera
1095 673 1150 706 se
1191 656 1344 707 alteri
1383 655 1666 724 applicuit,
1707 655 1931 708 confuso

232 729 290 780 in
312 747 478 780 unum
505 729 729 781 duarum
753 730 956 781 lumine
980 729 1142 782 facies
1166 730 1428 800 longioris
1454 729 1640 782 sideris
1671 729 1932 798 redditu13

231 820 330 855 nec
367 802 472 855 hoc
511 807 640 856 tunc
679 807 889 856 tantum
929 805 1121 872 evenit,
1154 821 1272 855 cum
1308 803 1462 856 stella
1494 805 1703 856 stellam
1736 804 1932 873 attigit,

233 877 323 930 sed
364 877 524 929 etiam
559 896 679 930 cum
713 879 1186 947 appropinquavit:
1227 877 1567 930 intervallum
1600 879 1756 945 enim,
1790 878 1934 947 quod

233 951 373 1003 inter
412 952 541 1004 duas
595 956 688 1021 est,
740 953 1041 1005 illustratur
1080 952 1145 1004 ab
1186 956 1411 1020 utraque
1464 953 1932 1020 inflammaturque

235 1029 288 1078 et
326 1026 549 1096 longum
590 1028 769 1097 ignem
803 1028 984 1080 efficit.
1048 1026 1131 1079 his
1172 1027 1306 1078 illud
1336 1026 1794 1095 respondebimuS,
1827 1045 1934 1079 cer-

234 1102 350 1152 tum
391 1118 504 1153 esse
555 1119 837 1154 numerum
891 1101 1166 1154 stellarum
1206 1100 1505 1170 mobilium,
1546 1102 1714 1154 solere
1755 1104 1933 1153 autem

235 1174 420 1228 eodem
471 1178 711 1244 tempore
763 1179 815 1228 et
864 1175 961 1228 has
1014 1194 1268 1245 apparere
1308 1179 1360 1228 et
1411 1179 1668 1243 cometen,
1722 1193 1788 1226 ex
1827 1193 1932 1243 quo

234 1249 579 1302 manifestum
630 1251 692 1302 fit
741 1269 852 1303 non
903 1251 1116 1303 illarum
1173 1250 1318 1302 coitu
1372 1250 1488 1302 fieri
1545 1253 1788 1302 cometen
1843 1249 1934 1302 sed

234 1324 512 1393 proprium
553 1343 666 1377 esse
706 1328 759 1377 et
791 1326 874 1377 sui
907 1325 1052 1378 iuris.
1107 1325 1413 1377 etiamnunc
1444 1323 1751 1392 frequenter
1781 1324 1936 1377 stella

236 1397 335 1450 sub
387 1399 592 1451 altioris
646 1400 828 1451 stellae
880 1400 1167 1470 vestigium
1218 1399 1386 1451 venit:
1439 1402 1492 1450 et
1532 1397 1791 1452 Saturnus
1843 1398 1936 1450 ali-

236 1473 447 1539 quando
490 1493 651 1542 supra
688 1472 870 1526 Iovem
912 1477 993 1527 est
1031 1477 1084 1527 et
1123 1473 1264 1526 Mars
1297 1472 1560 1526 Venerem
1602 1476 1693 1525 aut
1731 1471 1934 1526 Mercu-

234 1548 375 1599 rium
414 1550 560 1600 recta
599 1548 739 1601 linea
772 1549 1012 1617 despicit,
1051 1566 1148 1600 nec
1179 1551 1358 1600 tamen
1391 1551 1613 1616 propter
1643 1548 1788 1600 hunc
1819 1548 1935 1599 illo-

235 1640 355 1673 rum
395 1639 738 1691 concursum,
779 1641 900 1675 cum
942 1624 1075 1676 alter
1114 1623 1340 1675 alterum
1381 1622 1541 1690 subit,
1581 1625 1812 1675 cometes
1851 1622 1935 1690 fit3

238 1696 479 1764 alioquin
528 1698 680 1749 annis
722 1698 973 1750 omnibus
1023 1698 1196 1765 fieret,
1237 1697 1485 1749 omnibus
1533 1697 1675 1749 enim
1727 1696 1937 1765 aliquae

238 1771 422 1823 stellae
461 1771 519 1822 in
557 1772 744 1824 eodem
785 1773 939 1842 signo
981 1772 1143 1824 simul
1182 1775 1318 1824 sunt.
1375 1772 1421 1823 si
1460 1774 1705 1824 cometen
1741 1769 1938 1822 faceret

239 1846 395 1898 stella
454 1846 638 1899 stellae
702 1847 1102 1915 superveniens,
1164 1849 1436 1900 momento
1493 1863 1606 1898 esse
1662 1845 1937 1897 desineret.

239 1938 448 1972 summa
487 1921 630 1972 enim
654 1920 909 1973 velocitas
950 1922 1343 1973 transeuntium
1375 1923 1472 1987 est,
1504 1920 1731 1988 ideoque
1763 1919 1936 1971 omnis

1962 902 1988 932 Η

241 1994 465 2047 defectio
507 1995 739 2047 siderum
780 1995 955 2048 brevis
997 1999 1090 2063 est,
1124 1995 1250 2064 quia
1290 1995 1396 2047 cito
1437 1994 1530 2047 illa
1562 1994 1702 2046 idem
1736 2011 1937 2060 cursuS,
1964 2016 1988 2045 22

241 2068 332 2136 qui
389 2069 716 2137 admoverat,
771 2068 1054 2122 abstrahit:
1116 2070 1357 2122 videmus
1413 2069 1581 2121 solem
1643 2071 1695 2120 et
1754 2069 1937 2120 lunam

241 2143 380 2195 intra
421 2144 674 2214 exiguum
714 2147 942 2213 tempus,
983 2162 1104 2196 cum
1147 2143 1422 2196 obscurari
1463 2145 1770 2212 coeperunt,
1807 2141 1938 2194 libe-

240 2218 346 2269 rari
385 2249 458 2254 —
499 2222 700 2286 quanto
741 2220 964 2271 celerior
1003 2218 1159 2271 debet
1210 2218 1327 2270 fieri
1374 2218 1430 2269 in
1469 2218 1638 2270 stellis
1679 2216 1937 2287 digressio

360 2368 382 2405 1
412 2363 657 2423 interiora]
689 2364 910 2408 inferiora
937 2365 1068 2422 vulyo
1095 2366 1102 2421 Ι
1136 2364 1354 2408 reductos
1382 2363 1599 2421 Gronov]
1634 2362 1859 2406 deductos
1888 2363 1941 2404 Φ

240 2424 374 2480 vulyo
408 2423 634 2468 demissos
666 2425 705 2468 δ’
739 2426 745 2480 Ι
781 2424 922 2482 dem]
957 2423 1171 2468 dimissos
1206 2427 1236 2466 0
1269 2424 1402 2480 vulqo
1435 2422 1659 2467 deductos
1693 2423 1730 2466 δ
1763 2421 1938 2464 diuisos

242 2482 351 2527 Ald.
376 2484 390 2539 ΙΙ
414 2488 443 2526 2
474 2483 664 2526 illorum
688 2483 900 2541 ΔΞθῶΖ]
935 2497 1095 2527 eorum
1127 2485 1249 2541 δΟρ
1273 2488 1315 2526 et
1344 2484 1468 2539 (ante
1500 2481 1616 2539 diff.)
1634 2487 1668 2524 E
1705 2495 1787 2524 om.
1821 2485 1896 2523 JK
1925 2482 1939 2536 ΙΙ

244 2546 271 2585 6
295 2542 420 2600 cum]
453 2556 536 2587 om.
563 2544 597 2586 λ
621 2545 634 2599 ΙΙ
660 2547 685 2584 8
712 2543 929 2601 duarum]
962 2543 1160 2586 duorum
1184 2543 1222 2587 δ
1255 2543 1259 2598 Ι
1294 2541 1458 2599 facies]
1492 2541 1662 2585 faciem
1687 2542 1724 2585 δ
1751 2542 1756 2597 Ι
1784 2539 1939 2584 reddi-

243 2602 320 2645 tur
350 2601 561 2660 ³11²1'2]
593 2602 729 2646 reddi
760 2604 883 2646 621³
915 2604 929 2659 ΙΙ
961 2607 988 2645 9
1011 2603 1143 2660 tunc]
1176 2616 1261 2647 om.
1288 2601 1427 2646 (51'21
1459 2602 1597 2657 c(um)
1630 2599 1686 2642 1’l
1719 2602 1724 2656 Ι
1762 2599 1938 2657 euenit]

244 2675 327 2705 om.
354 2662 392 2705 δ
414 2662 428 2718 ΙΙ
454 2666 505 2704 12
528 2661 932 2720 respondebimus]
966 2662 1149 2706 -demus
1174 2665 1248 2703 ΕΖ
1273 2663 1286 2718 ΙΙ
1311 2665 1362 2703 14
1387 2662 1598 2704 cometen
1623 2660 1718 2716 dz]
1743 2661 1862 2703 —tem
1889 2660 1941 2702 Φ

243 2721 336 2776 fere
358 2734 528 2778 semper
551 2722 564 2778 ΙΙ
589 2726 639 2764 15
665 2721 736 2780 fit]
769 2735 854 2766 om.
880 2725 913 2763 B
946 2723 1018 2764 est
1042 2725 1078 2763 A
1100 2722 1114 2778 ΙΙ
1144 2725 1190 2763 19
1214 2719 1421 2778 illorum]
1454 2719 1536 2762 illo
1561 2723 1646 2761 ΕΗ
1668 2720 1681 2775 ΙΙ
1707 2723 1765 2761 20
1791 2718 1938 2775 conc.]

246 2794 431 2824 cursum
456 2782 531 2824 λΡ
560 2782 564 2837 Ι
599 2781 653 2824 fit
678 2795 792 2824 com.
819 2781 915 2825 coll.
943 2783 982 2825 d
1003 2782 1017 2837 ΙΙ
1050 2785 1101 2823 21
1126 2780 1280 2838 annis]
1306 2794 1389 2824 om.
1416 2780 1454 2823 δ
1485 2784 1591 2823 ante
1614 2778 1746 2822 ficret
1767 2779 1902 2835 vulyo
1927 2778 1941 2833 ΙΙ

245 2844 303 2882 22
336 2839 475 2883 simul
518 2841 645 2898 sunt]
690 2846 795 2884 ante
837 2841 887 2883 in
919 2842 957 2884 δ
998 2841 1012 2897 ΙΙ
1057 2844 1113 2882 23
1147 2839 1398 2896 desineret]
1443 2839 1596 2883 -erent
1627 2839 1665 2881 δ
1702 2839 1716 2894 ΙΙ
1755 2841 1812 2880 25
1855 2835 1940 2879 illa

246 2898 481 2957 &HL2P1]
513 2898 621 2943 illas
653 2901 814 2959 ΕλρΖ
845 2902 979 2958 vulyo
1010 2901 1024 2956 ΙΙ
1056 2904 1111 2942 27
1147 2898 1419 2956 coeperunt]
1454 2897 1693 2954 coeperint
1723 2898 1842 2954 ηλΤ
