1988 3138
0 0 1988 59 r—————-———-——.‚—

494 140 721 185 NATUR.
755 138 1006 193 QUAEST.
1038 138 1150 184 LIB.
1180 137 1237 182 -Π,
1270 141 1462 183 55-57.
1763 134 1834 188 87

243 263 328 316 56.
371 261 743 317 Heraclitus
784 261 1058 315 existimat
1086 260 1508 330 fulgurationem
1541 276 1655 312 esse
1686 258 1835 311 velut
1869 272 1889 310 1

132 339 275 408 apud
333 357 432 391 nos
495 336 868 405 incipientium
924 336 1131 405 ignium
1188 337 1441 387 conatum
1497 336 1550 386 et
1603 332 1834 402 primam

133 413 401 466 flammam
442 412 715 478 incertam,
752 410 914 462 modo
955 411 1325 476 intereuntem,
1367 407 1525 460 modo
1556 425 1835 478 resurgen—

133 492 265 541 tem:
303 486 436 540 haec
474 486 684 554 antiqui
722 485 956 555 fulgetra
988 483 1247 536 dicebant.
1311 483 1551 534 tonitrua
1580 499 1679 534 nos
1719 482 1835 551 plu·

87 583 108 616 ⁵
133 563 316 614 taliter
354 561 604 626 dicimm,
656 559 865 627 antiqui
916 562 1094 611 autem
1142 558 1403 610 tonitrum
1444 556 1695 609 dixerunt
1745 557 1838 608 aut

133 640 334 688 tonum.
396 633 503 687 hoc
533 634 676 702 apud
709 631 1042 686 Caecinam
1075 632 1306 698 invenio,
1338 631 1628 683 facundum
1660 630 1836 682 virum

132 710 248 779 (qui
278 708 554 762 habuisset
580 707 870 776 aliquando
896 708 954 759 in
978 707 1288 774 eloquentia
1310 724 1522 773 nomen,
1546 705 1651 757 nisi
1682 705 1836 757 illum
1953 701 1975 826 ἱ

132 782 403 837 Ciceronis
442 783 634 836 umbra
670 779 987 852 pressisset).
1053 781 1353 834 etiamnunc
1392 780 1486 832 illo
1518 780 1683 832 verbo
1724 782 1836 831 ute-
1869 793 1895 831 2

132 860 329 912 bantur
365 858 592 926 antiqui,
633 875 739 925 quo
780 874 878 908 nos
918 844 1182 925 producta
1219 840 1574 922 ffifamssyllaba
1611 854 1836 906 utimur:
1913 889 1927 951 ᾗ

65 955 109 988 ιο
134 934 361 986 dicimus
400 933 542 985 enim
583 935 645 984 ut
684 931 962 1000 splendere
1002 931 1080 982 sic
1118 930 1347 1000 fulgere,
1386 932 1442 981 at
1480 929 1588 980 illis
1628 928 1696 980 ad
1734 929 1838 997 sig·

133 1007 459 1061 nifieandum
508 1007 648 1059 hanc
694 1025 723 1058 e
767 1005 1001 1057 nubibus
1054 1004 1261 1057 subitae
1311 1003 1449 1056 lucis
1501 1003 1838 1072 eruptionem
1927 1000 1933 1062 ἰ,

133 1101 248 1135 mos
281 1084 395 1134 erat
418 1084 663 1150 correpta
693 1080 869 1133 media
897 1080 1106 1148 syllaba
1136 1079 1231 1146 uti,
1263 1081 1325 1130 ut
1349 1078 1587 1131 dicerent
1617 1078 1835 1147 fulgere.
1931 1066 1936 1098 '²

243 1156 329 1209 57.
372 1154 515 1218 Quid
554 1157 667 1224 ipse
700 1155 1017 1221 existimem,
1052 1154 1265 1222 quaeris
1299 1151 1499 1223 (adhuc
1531 1152 1674 1205 enim
1713 1152 1838 1204 alie·
1874 1166 1895 1204 1

131 1232 215 1284 nis
256 1229 601 1300 opinionibus
641 1228 978 1282 commodavi
1010 1226 1268 1298 manum).
1334 1227 1521 1280 dicam.
1584 1227 1838 1296 fulgurat,

66 1327 109 1360 ιε
132 1324 253 1358 cuni
294 1306 632 1374 repentinum
671 1305 779 1356 late
818 1305 1003 1356 lumen
1041 1302 1284 1372 emicuit3
1324 1300 1379 1354 id
1417 1301 1609 1369 evenit,
1648 1301 1744 1353 ubi
1784 1300 1840 1352 in

134 1381 311 1451 ignem
347 1384 436 1432 aer
465 1379 765 1432 extenuatis
802 1377 1035 1430 nubibus
1068 1377 1295 1429 vertitur
1324 1394 1424 1429 nec
1454 1377 1610 1443 vireS,
1643 1376 1838 1444 quibus

134 1456 348 1526 longius
387 1454 682 1523 prosiliret,
726 1452 943 1505 invenit.
1022 1470 1132 1504 non
1170 1452 1403 1518 mirariS,
1442 1453 1591 1519 puto,
1632 1451 1678 1502 si
1717 1453 1838 1502 aera
1871 1464 1897 1502 2

133 1533 227 1583 aut
251 1534 429 1582 motus
453 1531 708 1581 extenuat
731 1530 823 1580 aut
847 1527 1154 1579 extenuatio
1188 1525 1446 1578 incendit:
1479 1525 1555 1577 sic
1586 1524 1840 1593 liquescit

133 1622 355 1657 excussa
394 1604 547 1674 glans
587 1602 754 1655 funda
784 1605 839 1654 et
869 1602 1057 1653 attritu
1090 1601 1225 1652 aeris
1257 1601 1406 1652 velut
1437 1600 1561 1670 igne
1595 1599 1836 1652 destillat.

65 1700 110 1732 2⁰
135 1679 254 1732 ideo
286 1677 518 1747 plurima
549 1680 749 1730 aestate
782 1679 908 1728 sunt
939 1675 1181 1743 fulmina,
1214 1672 1322 1743 qua
1352 1675 1647 1743 plurimum
1681 1672 1839 1726 calidi

133 1758 234 1807 est:
267 1753 478 1806 facilius
503 1756 681 1804 autem
707 1751 894 1803 attritu
920 1750 1215 1802 calidorum
1242 1750 1382 1819 ignis
1407 1748 1600 1802 existit.
1652 1747 1837 1803 eodem
1872 1762 1898 1799 3

132 1832 310 1881 autem
352 1827 512 1879 modo
552 1827 615 1878 fit
653 1826 852 1896 fulgur,
894 1824 1040 1893 quod
1079 1828 1289 1876 tantum
1330 1823 1597 1892 splendet,
1645 1826 1699 1875 et
1738 1822 1839 1874 ful-

253 2016 275 2054 1
322 2012 379 2066 ef.
423 2010 653 2054 Heracliti
693 2011 736 2055 A
779 2013 835 2054 14
875 2009 1008 2053 Diels
1048 2023 1096 2065 p.
1147 2011 1206 2052 64
1267 2010 1282 2064 ΙΙ
1342 2011 1369 2051 6
1419 2006 1640 2051 Caecina.-
1688 2020 1736 2062 p.
1781 2007 1841 2050 42

133 2070 250 2115 Zim.
283 2075 297 2126 Η
329 2075 379 2114 18
396 2085 459 2127 sq.
485 2071 542 2124 cf.
571 2070 749 2114 Lucan.
784 2070 823 2114 b.
857 2083 892 2112 e.
922 2069 1024 2112 VII
1043 2071 1132 2112 513
1164 2072 1205 2111 et
1235 2068 1388 2112 calido
1420 2067 1694 2124 liquefactae
1719 2079 1841 2122 μνη-

134 2131 237 2175 dere
266 2131 466 2189 ylandes.

254 2305 275 2343 1
308 2300 582 2359 heraclitus]
616 2300 927 2345 herodotusA
961 2302 974 2355 Η
1006 2304 1034 2343 2
1060 2300 1301 2357 conatum]
1327 2300 1523 2343 conatus
1542 2299 1581 2342 Δ
1615 2299 1628 2354 ΙΙ
1660 2301 1688 2340 4
1720 2296 1839 2340 toni-

137 2362 241 2405 trua
274 2361 393 2418 ΔΦ]
437 2364 612 2404 -truum
656 2364 670 2416 11
715 2365 740 2403 5
774 2359 1011 2418 dixerunt]
1046 2359 1263 2403 dixerant
1294 2359 1422 2402 ΕΗ).
1465 2359 1479 2414 ΙΙ
1523 2361 1550 2401 6
1582 2356 1690 2416 hoc]
1725 2356 1840 2400 haec

136 2420 214 2464 21·
255 2424 270 2474 n
311 2426 337 2463 ⁷
371 2421 451 2477 qui
490 2421 679 2478 Muretj
725 2419 763 2463 si
798 2420 917 2464 trad.
951 2421 999 2462 et
1042 2418 1123 2474 qui
1154 2424 1232 2462 ΕΤ
1275 2422 1280 2473 Ι
1325 2417 1603 2475 aliquando]
1635 2430 1719 2461 om.
1755 2418 1794 2460 Δ
1832 2419 1836 2472 Ι

137 2478 249 2538 nisi]
281 2483 330 2524 et
361 2480 450 2523 nisi
478 2483 518 2524 A
550 2484 564 2535 Η
597 2484 623 2522 8
657 2479 927 2523 etiamnunc
951 2478 1066 2537 ΡΖ]
1100 2478 1244 2522 etiam
1278 2491 1392 2531 non,
1425 2477 1684 2521 etiamnum
1709 2475 1804 2519 Leo
1828 2478 1841 2530 Η

136 2543 166 2582 9
196 2540 310 2598 quo]
343 2542 571 2596 correpto,
604 2553 697 2595 quo
730 2541 770 2583 Δ
807 2543 812 2594 1
849 2538 1020 2582 sillaba
1052 2538 1192 2596 trad]
1226 2551 1310 2582 om.
1344 2538 1379 2581 λ
1411 2538 1425 2593 ΙΙ
1457 2541 1509 2580 10
1540 2536 1612 2595 ut]
1645 2550 1729 2580 om.
1762 2549 1795 2592 ρ
1828 2538 1841 2589 Ν

137 2602 182 2642 11
213 2599 418 2658 subitae]
466 2599 671 2643 subitam
719 2603 825 2643 ante
864 2612 889 2642 e
922 2597 1030 2642 nub.
1065 2600 1104 2642 Δ
1157 2601 1162 2654 Ι
1214 2596 1303 2640 luc.
1337 2598 1487 2653 erupt.
1520 2596 1641 2653 ΛΦ]
1690 2597 1839 2651 erupt.

140 2656 224 2703 luc.
260 2661 300 2703 A
348 2662 361 2714 ΙΙ
407 2663 460 2702 12
492 2673 604 2703 corr.
642 2684 695 2691 -—
729 2657 828 2760 uti}
863 2658 934 2702 uti
978 2657 1136 2702 media
1175 2656 1265 2700 sill.
1301 2670 1414 2700 corr.
1460 2658 1591 2712 (corr.
1626 2670 1685 2698 m.
1720 2669 1753 2697 s.
1788 2657 1840 2707 Δ)

138 2719 179 2761 Δ
210 2721 226 2773 Ι
255 2722 308 2761 14
340 2719 525 2776 comm]
559 2731 796 2761 accommo
832 2716 911 2761 aui
945 2720 984 2761 A
1026 2720 1040 2773 u
1071 2722 1121 2760 15
1155 2716 1282 2775 cum]
1315 2730 1399 2759 cur
1429 2715 1463 2759 λ
1494 2717 1508 2771 ΙΙ
1541 2719 1592 2758 16
1625 2714 1723 2771 aer]
1756 2727 1838 2756 om.

138 2778 399 2832 88⁵(PGE)
432 2781 445 2833 ss
477 2783 526 2821 17
560 2776 818 2836 prosiliret]
851 2775 1067 2834 prosiliat
1092 2779 1131 2820 A
1167 2779 1172 2832 1
1209 2775 1267 2834 si]
1303 2778 1376 2819 set
1399 2776 1432 2819 λ
1465 2776 1479 2831 ΙΙ
1510 2778 1561 2817 19
1593 2774 1710 2817 (lest.
1740 2772 1840 2830 Ge]

138 2835 341 2880 distillat
364 2841 378 2892 ss
401 2841 460 2881 20
484 2839 699 2892 (a)estate
724 2835 927 2893 plurima
951 2837 1047 2881 coll.
1076 2838 1116 2880 A
1146 2838 1151 2889 1
1179 2849 1274 2890 qua
1297 2834 1477 2891 Haase]
1503 2833 1616 2890 quia
1644 2835 1649 2886 Ι
1678 2830 1837 2887 calidi}

139 2893 295 2939 calida
326 2899 367 2940 A
406 2899 420 2951 n
459 2901 511 2940 21
544 2895 821 2954 calidorum]
871 2895 1069 2939 calidior
1102 2897 1141 2939 A
1189 2898 1203 2950 ΙΙ
1250 2898 1306 2937 22
1339 2892 1498 2948 fulgur
1533 2893 1593 2950 θ]
1642 2890 1798 2945 fulgor
1831 2891 1840 2948 1

139 2955 285 3014 quod}
318 2955 396 3011 qui
425 2958 507 3000 ΔΤ
584 2951 821 3014 splendet]
856 2954 1005 3010 fulget
1032 2957 1071 2998 Δ
