1988 3138
174 75 239 121 VI
854 73 1198 121 PRAEFATIO

174 206 324 254 misso
358 203 545 265 priores
579 218 775 265 quoque
808 196 1048 264 epistulas
1079 203 1293 252 morales
1325 203 1521 254 Lucilio
1554 221 1643 255 suo
1675 208 1876 255 mittere

175 278 351 341 coepit.
429 277 688 339 aliquanto
734 278 850 338 post
894 276 1065 325 Nonas
1112 277 1407 328 Februarias
1455 282 1575 327 anni
1620 283 1873 344 sequentis

175 354 235 402 de
279 355 443 402 terrae
490 353 631 399 motu
678 350 782 415 egit
830 344 926 417 (VI
961 354 1015 411 1,
1050 352 1104 413 23
1152 352 1212 400 cf.
1258 355 1312 413 1,
1348 346 1456 420 10).
1535 357 1724 404 aestate
1769 357 1873 404 fere

173 427 320 476 huius
346 427 465 475 anni
490 421 601 493 (63.
625 442 674 488 p.
700 423 812 473 chr.
837 418 925 490 n.),
949 441 1011 473 ne
1036 425 1236 474 biennio
1269 427 1470 490 quidem
1501 431 1617 477 ante
1648 433 1875 492 mortem,

174 504 338 550 totum
378 516 504 563 opus
535 501 737 549 videtur
767 499 1031 562 perfecisse
1065 492 1230 567 (Stud.
1261 501 1289 549 I
1314 503 1417 550 311
1439 496 1584 570 sqq.).
1639 505 1875 553 nimirum

173 577 440 624 velocitate
488 590 539 623 se
592 576 923 638 pensaturum
972 590 1186 636 moram,
1237 575 1419 624 damna
1472 579 1654 628 aetatis
1704 579 1874 628 labore

174 653 427 700 sarturum
466 665 570 698 esse
609 664 757 698 senex
795 647 1059 711 profitetur
1098 642 1199 716 (HI
1236 651 1393 712 praef.
1421 645 1605 719 1—4).

191 749 194 752 ·
285 725 461 790 Libros
501 726 612 773 octo
650 723 846 772 Lucilio
884 722 1078 772 Iuniori
1115 725 1270 786 misit,
1309 727 1398 788 qui
1434 728 1544 774 tum
1582 731 1876 790 procurator

175 799 376 848 Siciliae
416 802 524 847 erat
563 792 660 864 (IV
690 798 846 861 praef.
876 791 947 865 1),
987 798 1058 847 sic
1095 799 1198 846 fere
1237 800 1524 863 inscriptos:

373 873 433 921 de
466 874 610 937 aquis
643 866 1006 940 (terrestribus)
1032 895 1088 911 =
1112 873 1144 921 1.
1170 873 1248 921 ΠΙ
1282 875 1367 937 qui
1400 875 1552 939 vulgo
1584 879 1876 925 numeratur

374 949 434 997 de
472 948 591 997 Nilo
632 970 688 986 =
712 947 746 995 1.
771 947 884 995 IVa

374 1023 434 1071 de
474 1023 688 1072 nubibus
729 1045 785 1060 =
809 1021 840 1069 l.
866 1021 979 1071 IVb

373 1098 433 1146 de
472 1097 766 1145 fulminibus
807 1099 857 1146 et
894 1097 1166 1148 tonitribus
1207 1121 1261 1135 =
1287 1098 1319 1146 1.
1344 1098 1396 1147 H

372 1173 433 1221 de
471 1173 634 1221 ventis
674 1194 731 1209 =
756 1171 788 1219 1.
812 1170 860 1217 V

373 1247 431 1295 de
470 1250 632 1296 terrae
671 1249 812 1295 motu
850 1269 907 1283 =
932 1246 963 1294 1.
989 1246 1062 1294 VI

324 1360 334 1370 .
375 1322 434 1371 de
474 1323 680 1371 cometis
722 1321 961 1369 =1.VII

323 1435 332 1445 .
374 1397 433 1444 de
472 1397 671 1460 ignibus
711 1396 1007 1445 caelestibus
1048 1419 1103 1434 =
1127 1397 1160 1445 l.
1184 1397 1223 1445 Ι.

285 1469 409 1520 Octo
442 1473 573 1519 enim
605 1471 726 1520 olim
757 1471 909 1519 fuisse
942 1470 1111 1533 libros,
1142 1488 1241 1520 non
1281 1475 1486 1535 septem,
1516 1489 1647 1521 nunc
1680 1477 1875 1522 constat

173 1540 338 1614 (Stud.
363 1545 390 1594 Ι
416 1540 523 1613 93).
571 1547 664 1595 hoc
695 1547 884 1609 primus
918 1544 973 1593 G.
1000 1545 1059 1594 D.
1085 1545 1266 1595 Koeler
1299 1541 1375 1614 (in
1407 1547 1624 1596 editione
1658 1564 1700 1595 a.
1730 1548 1871 1597 1819

170 1621 307 1670 edita
343 1638 391 1684 p.
418 1615 550 1687 257)
584 1622 808 1681 coniecit,
849 1622 1085 1683 quoniam
1117 1624 1414 1686 argumenta
1444 1638 1647 1685 prorsus
1678 1622 1875 1672 diversa

171 1696 299 1745 libro
322 1695 397 1744 IV
427 1697 589 1744 inesse
620 1696 885 1758 perspexit.
949 1694 1125 1744 deinde
1159 1696 1439 1747 Fridericus
1472 1697 1637 1746 Haase
1677 1698 1731 1745 in
1770 1697 1872 1745 edi-

168 1771 304 1819 tione
360 1786 401 1819 a.
446 1771 584 1819 1851
645 1772 696 1818 et
749 1769 799 1817 in
847 1769 1016 1818 indice
1069 1770 1338 1820 lectionum
1384 1771 1592 1820 Vratisl.
1642 1787 1684 1819 a.
1730 1773 1870 1821 1859

171 1845 363 1895 emissis
403 1845 525 1893 duos
564 1844 718 1893 libros
757 1844 810 1892 in
841 1860 996 1892 unum
1027 1843 1100 1892 IV
1130 1845 1369 1895 conflatos
1400 1847 1531 1894 male
1564 1847 1873 1895 circumferri

170 1937 195 1968 e
237 1919 402 1969 codice
433 1919 664 1968 Leidensi
696 1912 784 1986 (L)
818 1922 867 1967 et
903 1918 1162 1968 Vincentio
1196 1920 1541 1969 Bellovacensi
1571 1922 1873 1970 monstravit

171 1997 321 2060 atque
361 1994 427 2043 ad
465 1994 863 2043 dissertationem
903 1994 1155 2056 quandam
1194 1995 1253 2043 de
1285 1995 1500 2044 nubibus
1539 1997 1872 2059 conscriptam

169 2085 300 2118 nunc
348 2068 496 2118 initio
545 2069 663 2117 libri
708 2068 820 2116 IVb
868 2068 1178 2131 deperditam
1229 2070 1522 2133 scriptorem
1558 2070 1634 2119 IV
1668 2072 1716 2132 3,
1750 2072 1780 2119 6
1823 2073 1874 2119 et

173 2145 257 2205 13,
297 2146 326 2191 2
382 2145 546 2207 ipsum
597 2145 839 2206 respicere
895 2144 1192 2194 observavit.
1277 2145 1354 2193 his
1406 2147 1714 2209 argumentis
1770 2145 1872 2194 alia

267 876 334 1446 oeqsvewwffl

170 2221 287 2268 ante
325 2218 414 2267 hos
455 2218 638 2282 viginti
677 2234 831 2267 annos
871 2217 1186 2267 Hermannus
1226 2218 1365 2268 Diels
1406 2219 1614 2282 addidit,
1654 2221 1741 2283 qui
1779 2221 1870 2268 im-

168 2293 344 2356 primis
383 2293 570 2357 placita
610 2293 669 2341 de
700 2293 748 2340 N
750 2293 834 2355 ilo,
877 2308 1002 2354 quae
1044 2309 1074 2341 a
1109 2293 1382 2343 Laurentio
1414 2294 1556 2358 Lydo
1588 2294 1871 2355 traduntur,

167 2370 243 2416 ita
290 2372 521 2432 excerpta
562 2383 666 2416 esse
705 2367 853 2430 vidit,
902 2371 960 2416 ut
1004 2369 1175 2430 priora
1214 2385 1326 2417 cum
1364 2369 1652 2418 Annaeanis
1690 2369 1764 2418 IV
1774 2385 1804 2417 a
1837 2371 1867 2417 2

167 2442 369 2491 traditis
416 2443 564 2505 plane
612 2442 916 2503 conspirent,
964 2458 1091 2505 quae
1139 2459 1169 2491 a
1210 2443 1352 2506 Lydo
1401 2443 1666 2504 adduntur,
1712 2459 1770 2492 ea
1815 2444 1870 2491 in

168 2517 494 2566 Naturalibus
550 2516 934 2574 Quaestionibus
990 2533 1103 2567 cum
1156 2534 1286 2566 nunc
1341 2518 1504 2566 desint
1556 2520 1671 2581 post
1724 2516 1756 2580 ξ
1799 2519 1868 2567 30

169 2592 290 2640 olim
327 2593 481 2641 fuisse
524 2593 716 2654 pateat:
763 2607 821 2639 ex
860 2592 1032 2640 eodem
1070 2592 1229 2656 igitur
1274 2592 1360 2641 sed
1404 2593 1674 2656 integriore
1722 2608 1868 2655 opere

168 2666 289 2715 haec
329 2682 524 2729 quoque
563 2668 762 2728 sumpta
801 2680 904 2714 esse
945 2669 1166 2729 apparet.
1231 2667 1310 2715 vel
1347 2667 1515 2729 plures
1555 2667 1675 2715 olim
1716 2682 1867 2728 quam

169 2742 280 2789 octo
326 2741 480 2791 fuisse
527 2741 722 2790 libellos
762 2740 867 2788 veri
914 2743 987 2789 est
1034 2741 1486 2803 dissimile‚.²certe
1519 2741 1722 2803 probari
1767 2757 1867 2789 non

167 2817 347 2877 potest.
1419 2875 1423 2881 .
1849 2827 1851 2830 ⁴

280 2890 354 2937 De
387 2890 556 2939 ordine
595 2891 835 2941 librorum
865 2889 1067 2938 turbato
1098 2890 1246 2938 multi
1277 2890 1628 2953 quaesiverunt
1652 2883 1817 2958 (Stud.
1843 2889 1867 2937 I
