1988 3138
748 118 1092 164 PRAEFATIO
1556 116 1773 164 XXXVII

185 246 422 294 Vaticani
459 246 546 294 lat.
589 247 732 294 2215
774 261 897 294 saec.
923 245 1017 293 XV
1056 247 1107 293 et
1139 246 1283 294 2214
1323 245 1474 308 paulo
1512 245 1773 309 vetustior,

72 322 282 382 uterque
319 319 523 369 membr.
566 319 703 368 Stud.
727 320 754 367 I
781 321 863 368 19.

184 394 551 457 Neapolitanus
592 395 696 443 358
739 394 942 442 membr.
983 409 1107 442 saec.
1132 394 1265 442 XIV.
1344 393 1483 442 Stud.
1508 395 1533 442 Ι
1560 396 1642 443 19.

184 468 399 518 Parisini
446 468 573 532 regii
622 469 788 529 6380,
831 469 996 530 6390,
1039 469 1181 516 8717
1229 467 1433 517 membr.
1474 484 1598 518 saec.
1637 468 1770 518 XIV.

76 542 216 592 Stud.
248 542 274 590 I
309 544 375 591 19
394 558 483 605 sq.,
523 542 580 604 ,Π
605 545 690 591 42.
766 543 818 590 in
864 543 942 591 his
990 558 1073 591 sex
1119 542 1279 591 libelli
1324 546 1671 604 numerantur,
1716 545 1771 591 in

70 618 175 667 illis
215 618 303 680 qui
341 621 574 666 secuntur
613 620 814 680 septem.

186 690 428 740 Caesenas
469 693 557 753 20,
589 694 619 740 5
661 691 863 740 membr.
887 685 957 758 (5³)
999 707 1122 740 saec.
1155 691 1278 739 XIII
1299 685 1386 759 (Ρ).
1450 690 1592 740 Stud.
1624 691 1649 739 Ι
1689 693 1774 741 20.

184 766 405 815 Venetus
435 766 721 815 Marcianus
757 768 858 814 141
894 766 1098 815 membr.
1137 782 1261 815 saec.
1295 767 1426 814 XIV.
1469 765 1610 815 Stud.
1635 765 1660 813 Ι
1687 768 1770 817 21.

183 841 503 890 Florentinus
543 840 909 890 Laurentianus
954 843 1036 902 76,
1071 842 1138 890 35
1179 841 1382 889 membr.
1425 857 1467 888 a.
1513 841 1653 889 1426
1681 844 1783 890 scr.'

73 915 213 964 Stud.
237 915 263 962 I
289 917 371 963 21.

184 989 439 1039 Parisinus
477 992 644 1054 regius
685 991 827 1039 6385
868 989 1071 1039 membr.
1111 1006 1236 1039 saec.
1260 990 1393 1038 XIV.
1472 989 1612 1039 Stud.
1636 989 1662 1037 Ι
1688 991 1771 1039 20.

184 1064 495 1114 Monacensis
537 1065 604 1113 23
625 1067 731 1113 473
773 1065 974 1114 membr.
1017 1080 1142 1114 saec.
1166 1064 1300 1113 XIV.
1379 1063 1518 1113 Stud.
1543 1065 1566 1112 I
1594 1066 1678 1113 20.

183 1139 582 1188 Vindobonensis
621 1139 882 1188 Palatinus
924 1141 1066 1188 3134
1116 1140 1271 1188 chart.
1311 1154 1436 1188 saec.
1461 1138 1567 1187 XV.
1633 1138 1771 1187 Stud.

70 1212 123 1262 Π
154 1216 220 1262 41
251 1230 320 1276 sq.

184 1287 277 1336 His
310 1287 425 1337 addi
456 1291 623 1352 potest
647 1288 800 1337 editio
832 1291 1063 1352 princeps
1094 1289 1210 1337 Nat.
1237 1287 1610 1350 Quaestionum,
1643 1303 1772 1351 quae

72 1363 298 1411 Venetiis
332 1379 374 1411 a.
402 1365 545 1413 1490
584 1363 772 1426 prodiit
812 1358 1035 1430 (SENECA
1066 1377 1290 1412 MORALIS
1322 1366 1412 1412 etc.
1443 1379 1532 1425 per
1561 1363 1773 1411 Bernar-

73 1438 243 1486 dinum
298 1438 358 1486 de
409 1436 653 1486 Cremona
699 1442 750 1486 et
804 1436 1054 1487 Simonem
1109 1437 1168 1485 de
1222 1432 1432 1504 Lucro),
1479 1439 1559 1487 vel
1614 1438 1773 1486 altera

74 1528 118 1560 a.
162 1514 321 1573 1492,
362 1528 513 1574 quam
554 1511 755 1561 Fickert
793 1513 1009 1561 contulit
1048 1506 1225 1580 (Ald.).
1305 1511 1442 1561 Stud.
1468 1513 1494 1561 I
1520 1514 1605 1561 21.

187 1586 246 1634 In
286 1587 454 1635 codice
492 1587 740 1636 Vaticano
779 1587 865 1635 lat.
902 1588 1044 1635 2212
1085 1587 1288 1636 membr.
1327 1603 1422 1636 rec.
1464 1589 1575 1636 octo
1615 1587 1776 1635 libelli

74 1663 410 1710 numerantur.
489 1661 629 1710 stud.
655 1661 678 1709 I
707 1664 789 1710 21.

186 1735 441 1785 Romanus
471 1736 774 1785 Barberinus
806 1736 930 1784 VIII
966 1738 1068 1785 127
1107 1736 1311 1785 membr.
1345 1751 1469 1786 saec.
1501 1735 1594 1784 XV
1632 1736 1774 1784 libel-

73 1810 150 1860 los
187 1827 287 1860 non
326 1814 614 1859 numeratos
652 1810 869 1873 praebet.
950 1810 1088 1859 Stud.
1114 1811 1139 1858 I
1166 1813 1249 1859 21.

0 1892 70 1948 op
196 1884 504 1934 Coloniensis
537 1885 736 1934 Gruteri
775 1888 825 1934 et
863 1885 1128 1935 Palatinus
1168 1887 1378 1948 quartus
1419 1885 1516 1934 nisi
1556 1901 1581 1933 e
1622 1885 1773 1933 colla-

72 1961 210 2008 tione
247 1960 394 2008 huius
433 1959 528 2007 viri
568 1975 667 2008 non
709 1963 814 2009 noti
854 1963 983 2009 sunt.
1063 1959 1202 2009 Stud.
1228 1960 1253 2008 Ι
1279 1962 1363 2008 21.

184 2033 472 2083 Palatinum
525 2035 741 2084 eiusdem
796 2035 1002 2083 tertium
1058 2051 1100 2083 a.
1153 2037 1291 2084 1901
1343 2035 1531 2084 Romae
1587 2034 1772 2082 detexi:

74 2111 151 2158 est
187 2108 466 2158 Vaticanus
505 2108 609 2158 Pal.
644 2111 787 2159 1540
826 2109 1030 2158 membr.
1070 2111 1122 2157 in
1163 2112 1343 2173 quarto
1380 2124 1506 2159 saec.
1547 2109 1648 2158 fere
1680 2108 1774 2156 XV

74 2185 331 2244 exaratus,
377 2199 434 2232 ex
478 2186 581 2232 167
631 2184 766 2233 foliis
813 2185 1010 2247 scriptis
1054 2187 1264 2233 constat.
1341 2185 1394 2231 in
1434 2184 1556 2233 folio
1597 2185 1772 2232 ceteris

74 2258 291 2321 praefixo
322 2258 511 2322 legitur
536 2258 679 2308 Oarte
706 2261 813 2307 168
844 2259 1074 2320 Ja‘nnotij
1103 2260 1302 2320 mwnettj
1334 2261 1384 2307 et
1414 2258 1589 2307 tabula
1620 2260 1771 2320 scrip-

74 2335 252 2383 torum.
329 2334 503 2381 insunt
539 2333 626 2382 fol.
663 2337 685 2381 1
732 2333 792 2382 de
831 2335 922 2394 ira,
962 2334 994 2382 f.
1030 2335 1097 2382 22
1131 2333 1263 2382 brev.
1297 2350 1358 2396 v.,
1397 2334 1432 2381 f.
1476 2334 1545 2382 34
1585 2333 1773 2396 provb.,

74 2407 108 2456 f.
146 2407 215 2456 38
252 2423 394 2469 mor.,
448 2408 482 2456 f.
520 2409 591 2457 40
623 2408 788 2469 clem.,
840 2409 874 2457 f.
908 2410 975 2457 47
1003 2408 1206 2469 remed.,
1260 2409 1293 2456 f.
1322 2409 1567 2458 50—92*
1597 2407 1774 2469 benef„

73 2482 108 2530 f.
136 2483 447 2531 93¹—140¹
485 2481 651 2539 Quest.
692 2483 824 2543 Nat„
863 2483 895 2531 f.
934 2485 1060 2532 140r
1082 2482 1296 2546 provid.‚
1335 2484 1368 2532 f.
1403 2482 1508 2532 150
1532 2482 1679 2531 beata
1712 2497 1774 2543 v.,

72 2556 108 2605 f.
138 2558 240 2606 159
266 2560 428 2619 tranq.
456 2573 499 2604 v.
555 2555 755 2606 Gruteri
793 2558 1110 2607 collationem
1143 2557 1342 2606 Fickert
1381 2556 1550 2606 edidit.
1604 2559 1772 2606 textus

75 2630 402 2694 interpolatus
443 2636 493 2679 et
533 2632 791 2695 suppletus
830 2636 919 2681 est.
998 2631 1299 2681 Stud.122.
