1988 3138
71 259 91 296 1

131 122 238 174 100
665 123 716 165 L.
749 123 987 166 ANNAEI
1019 123 1294 168 SENECAE

243 244 287 296 7.
340 242 611 296 Adversus
662 244 766 297 hoc
805 246 976 298 multa
1013 263 1170 314 posse
1211 245 1317 299 dici
1356 247 1539 300 vides.'
1596 248 1830 316 primum

128 338 227 389 ego
269 318 368 371 tibi
407 319 682 371 vinearum
722 318 950 389 diligens
990 319 1166 372 fossor
1205 320 1432 389 affirmo,
1470 323 1675 374 nullam
1714 323 1830 390 plu-

127 394 269 445 viam
321 411 436 445 esse
487 397 596 445 tam
637 411 910 462 magnam,
951 412 1085 462 quae
1137 397 1332 446 terram
1372 397 1515 448 ultra
1554 396 1736 450 decem
1777 398 1832 448 in

127 467 466 520 altitudinem
514 467 675 536 pedes
723 468 1063 537 madefaciat3
1114 469 1288 520 omnis
1335 488 1492 523 umor
1538 471 1678 523 intra
1724 472 1832 539 pri-

127 561 270 594 mam
323 544 556 595 crustam
610 543 945 594 consumitur
991 561 1092 595 nec
1142 544 1198 594 in
1244 543 1497 597 inferiora
1537 545 1831 598 descendit:
1879 570 1899 599 r.

130 616 400 685 quomodo
442 635 569 686 ergo
621 617 793 669 imber
843 635 1127 687 suggerere
1174 621 1354 686 potest
1393 620 1637 673 amnibus
1677 620 1831 686 vireS‚

131 691 223 760 qui
275 709 539 743 summam
589 690 814 743 humum
866 691 1103 761 tinguit?
1178 711 1301 760 pars
1353 694 1525 746 maior
1573 695 1687 746 eius
1738 713 1834 762 per

128 765 413 818 fluminum
454 766 632 818 alveos
684 767 742 817 in
779 784 924 818 mare
964 766 1223 836 aufertur3
1275 768 1528 838 exiguum
1569 771 1650 820 est
1689 768 1832 837 quod

131 840 345 892 sorbeat
382 843 538 907 terra,
575 858 676 892 nec
714 840 768 892 id
810 843 1006 892 servat:
1047 844 1139 893 aut
1177 842 1320 893 enim
1362 842 1509 894 arida
1540 847 1620 895 est
1652 846 1706 894 et
1745 844 1833 894 ab·

131 915 296 967 sumit
334 915 391 966 in
431 933 500 982 se,
541 915 797 983 quicquid
836 915 1074 967 infusum
1115 919 1209 983 est,
1250 919 1341 968 aut
1381 917 1586 984 satiata,
1626 917 1670 969 si
1704 917 1831 1001 quid

131 1008 292 1058 supra
331 988 651 1041 desiderium
694 989 898 1054 cecidit,
949 990 1206 1057 excludit,
1258 994 1311 1042 et
1350 991 1468 1043 ideo
1509 992 1696 1060 primis
1736 992 1832 1043 im-

130 1063 314 1115 bribus
368 1081 479 1116 non
534 1067 796 1134 augentur
850 1082 1053 1132 11111Πο8,
1109 1065 1235 1132 quia
1288 1069 1431 1118 totos
1480 1066 1536 1117 in
1587 1085 1642 1118 80
1692 1069 1833 1118 terra

133 1139 318 1190 sitiens
358 1138 535 1190 trahit.
617 1138 761 1207 quid,
801 1138 944 1206 quod
984 1138 1244 1207 quaedam
1283 1139 1506 1192 fiumina
1545 1144 1833 1209 erumpunt

133 1213 274 1265 saxis
315 1216 368 1265 et
417 1213 728 1264 montibus?
804 1212 887 1265 his
929 1213 1058 1281 quid
1110 1214 1383 1266 conferent
1422 1215 1657 1283 pluviae,
1698 1233 1832 1283 quae

131 1306 228 1356 per
264 1287 434 1339 nudas
473 1305 633 1355 rupes
666 1287 977 1339 deferuntur
1014 1306 1113 1340 nec
1151 1287 1351 1340 habent
1389 1292 1598 1356 terram,
1631 1289 1718 1342 cui
1757 1290 1834 1341 in-
1882 1312 1900 1342 5

134 1362 348 1414 sidant?
425 1361 588 1429 adice,
638 1362 782 1430 quod
834 1363 1141 1414 siccissimis
1192 1363 1325 1416 locis
1373 1364 1521 1432 putei
1570 1364 1626 1415 in
1664 1364 1830 1416 altum

134 1437 237 1489 acti
278 1438 419 1488 ultra
459 1436 807 1489 ducentorum
848 1440 941 1488 aut
979 1440 1336 1490 trecentorum
1371 1437 1567 1506 pedum
1600 1438 1832 1507 spatium

133 1511 414 1563 inveniunt
468 1529 726 1579 aquarum
778 1511 967 1563 uberes
1007 1530 1168 1563 venas
1220 1513 1275 1563 in
1315 1531 1376 1564 ea
1422 1511 1727 1581 altitudine,
1779 1513 1836 1564 in

135 1603 293 1653 quam
330 1590 479 1652 yutta
517 1603 627 1638 non
666 1589 931 1655 penetrat,
978 1590 1039 1638 ut
1077 1587 1210 1639 scias
1253 1587 1365 1639 illic
1403 1605 1514 1639 non
1553 1588 1833 1640 caelestem

134 1679 249 1713 esse
298 1678 397 1712 nec
444 1660 800 1713 collecticium
851 1678 1117 1728 umorem,
1165 1660 1279 1729 sed,
1326 1661 1470 1730 quod
1527 1661 1631 1714 dici
1683 1663 1834 1725 solet,
1860 1686 1879 1715 2

134 1735 311 1786 vivam
368 1752 573 1802 aquam.
668 1736 762 1787 illo
819 1753 1031 1803 quoque
1087 1739 1401 1805 argumento
1464 1735 1596 1788 haec
1650 1737 1833 1805 opinio

134 1809 412 1877 refellitur,
451 1809 594 1878 quod
627 1809 844 1877 quidam
883 1809 1058 1862 fontes
1100 1810 1155 1861 in
1195 1829 1403 1862 summo
1444 1811 1643 1862 montis
1684 1829 1835 1863 cacu-

134 1884 277 1935 mine
317 1883 636 1935 redundant:
677 1887 898 1952 apparet
939 1885 1059 1936 illos
1101 1903 1310 1937 sursum
1346 1885 1432 1955 agi
1473 1888 1566 1936 aut
1606 1885 1679 1937 ibi
1714 1903 1834 1938 con-

136 1957 257 2027 cipi,
298 1975 415 2010 cum
459 1959 633 2010 omnis
673 1958 925 2026 pluvialis
967 1976 1105 2026 aqua
1144 1958 1401 2012 decurrat.

166 2203 169 2205 ,
254 2168 275 2205 1
308 2164 416 2222 hoc]
449 2163 566 2207 haec
598 2167 718 2206 ΕΠ(
767 2166 772 2220 Ι
824 2163 919 2206 dici
952 2178 1089 2220 posse
1129 2165 1225 2208 coll
1261 2167 1300 2208 Δ
1340 2166 1354 2221 ΙΙ
1395 2169 1420 2208 3
1453 2165 1597 2222 pedes
1629 2164 1678 2208 in
1712 2165 1832 2208 altit

105 2195 232 2268 coll.
267 2226 354 2267 ΔΕ
401 2226 415 2280 Η
463 2228 487 2266 5
522 2223 747 2290 crustam]
792 2224 946 2267 cctam
978 2225 1017 2268 ὃ
1062 2226 1075 2281 ΙΙ
1123 2229 1150 2267 6
1181 2225 1358 2283 potest]
1406 2229 1512 2269 ante
1557 2224 1708 2268 imber
1739 2227 1779 2267 Δ
1822 2227 1834 2279 ΙΙ

136 2288 161 2325 7
196 2283 394 2341 tinguit]
441 2282 587 2339 tingit
617 2287 689 2325 EJ
696 2282 794 2326 ²10
849 2285 1053 2340 tangunt
1085 2286 1124 2327 Δ
1176 2286 1182 2339 Ι
1232 2285 1362 2342 pars]
1406 2283 1562 2340 inquit
1592 2283 1698 2328 add.
1731 2284 1832 2327 Joh.

138 2343 314 2386 Mallem
352 2344 365 2398 ΙΙ
406 2347 431 2384 8
473 2342 683 2386 aufertur
713 2343 834 2401 ΛΦ]
883 2343 934 2386 id
973 2348 1058 2387 est:
1103 2345 1258 2387 statim
1295 2345 1494 2400 rapitwr,
1526 2342 1718 2387 effertur
1749 2346 1788 2386 Δ
1821 2348 1834 2394 Ι

136 2406 164 2444 9
195 2402 403 2460 sorbeat]
437 2402 595 2445 sorbet
626 2404 666 2445 A
709 2403 715 2458 Ι
759 2415 844 2446 nec
877 2402 945 2461 id]
979 2407 1020 2446 et
1048 2417 1106 2446 ‘ne
1135 2404 1217 2447 hoc
1246 2404 1427 2459 quidem
1468 2405 1482 2459 ΙΙ
1524 2407 1576 2446 10
1607 2402 1833 2470 infusum]

137 2460 336 2504 effusum
369 2464 408 2504 A
457 2463 471 2518 ΙΙ
517 2466 562 2504 11
594 2461 786 2520 cecidit]
819 2462 1043 2506 ceciderit
1074 2463 1108 2506 λ
1155 2464 1169 2519 ΙΙ
1215 2467 1268 2506 12
1297 2463 1443 2521 terra]
1476 2477 1559 2507 om.
1586 2464 1624 2507 δ
1671 2462 1835 2505 sitiens

135 2522 261 2565 terra
291 2521 390 2565 coll.
423 2526 458 2563 E
504 2521 520 2579 Η
565 2525 616 2564 13
650 2520 903 2580 quaedam]
936 2535 1019 2566 mn.
1053 2524 1093 2565 A
1134 2523 1186 2565 in
1218 2523 1388 2566 lacuna
1432 2523 1446 2580 ΙΙ
1492 2526 1544 2565 14
1575 2521 1834 2579 conferent]

137 2580 403 2624 conferrent
434 2582 472 2624 δ
517 2582 531 2637 ΙΙ
577 2585 644 2623 15
661 2581 831 2639 nudas]
864 2581 1016 2624 undas
1047 2581 1097 2623 in
1129 2584 1168 2624 A
1214 2584 1218 2636 Ι
1261 2582 1454 2639 terram]
1486 2595 1569 2625 om.
1603 2584 1688 2624 ΔΕ
1723 2583 1729 2637 Ι
1765 2581 1836 2624 111-

137 2639 315 2698 sidant]
347 2639 615 2683 insidantur
638 2645 679 2682 Η
710 2640 940 2684 insidiant
965 2645 995 2683 0
1028 2640 1267 2684 insideant
1291 2645 1368 2683 GL
1399 2642 1532 2699 vulyo
1563 2642 1577 2697 ΙΙ
1608 2645 1658 2683 17
1690 2641 1834 2698 ultra]

136 2713 221 2755 per
252 2702 291 2742 A
331 2701 336 2755 Ι
372 2700 598 2758 spatium]
632 2699 788 2756 spatia
820 2702 859 2743 A
903 2702 917 2757 ΙΙ
960 2705 1012 2742 19
1044 2702 1182 2757 gutta
1216 2700 1315 2759 Ga]
1348 2713 1472 2756 aqua
1506 2702 1630 2753 ΦΔ,
1672 2700 1836 2756 pluuia

42 2805 46 2808 ,
137 2763 166 2800 Ζ
201 2764 241 2803 et
271 2773 368 2803 var.
396 2760 490 2802 lect.
516 2758 573 2801 1⁴²
606 2761 613 2816 Ι
647 2759 767 2817 11110]
800 2773 882 2803 om.
909 2761 948 2804 δ
988 2761 1003 2816 ΙΙ
1046 2764 1104 2802 20
1128 2774 1214 2803 1100
1238 2761 1358 2818 ΛΦ]
1390 2774 1484 2803 11011
1508 2762 1548 2802 Δ
1589 2762 1594 2815 Ι
1632 2759 1836 2802 collecti-

141 2817 260 2861 cium
296 2820 617 2875 FHJLoz]c
593 2820 651 2873 cf.
680 2820 775 2862 VII
797 2822 872 2873 23,
888 2822 932 2863 2.
981 2819 1262 2863 collectuum
1293 2825 1345 2873 K,
1378 2818 1676 2863 collectiuum
1708 2822 1836 2876 ΔΕρ

136 2878 275 2935 vulyo
322 2879 336 2934 ss
383 2882 436 2920 21
466 2877 583 2922 haec
616 2878 796 2936 opinio]
840 2893 923 2922 om.
958 2881 998 2922 A
1045 2880 1059 2934 Η
1107 2883 1164 2921 23
1198 2881 1410 2935 apparet]
1459 2892 1570 2934 ergo
1614 2879 1721 2922 add.
1755 2880 1792 2922 δ
1822 2880 1835 2935 3¹

138 2941 197 2980 24
230 2950 351 2992 aqua
384 2936 608 2993 pluuialis
641 2939 738 2982 coll.
765 2941 805 2981 A

1859 941 1900 972 10
