1988 3138
142 107 266 150 XLII
817 105 1160 151 PRAEFATIO

318 233 366 279 V
393 234 493 291 7,1
538 233 700 291 aliquo
741 227 890 298 όλρ]
947 247 1003 280 ex
1042 234 1203 293 aliquo
1240 227 1403 281 &UZ

395 306 478 367 18,
507 307 534 352 7
575 307 631 354 in
671 308 774 354 eius
812 301 916 367 λΡ,
957 323 1050 355 om.
1077 302 1129 372 ς]
1184 310 1239 356 in
1272 310 1339 356 eis
1371 307 1410 356 d
1465 310 1567 356 eius
1599 302 1637 355 Τ
1693 309 1839 356 huius

574 373 820 428 3J²L²Z.

176 486 180 493 ¹
256 470 429 531 Neque
468 468 624 533 igitur
668 471 871 531 mirum,
918 471 1052 532 quod
1095 472 1267 519 multis
1307 471 1669 533 exemplaribus
1708 472 1842 518 inter

146 559 197 592 se
238 543 433 592 collatis
482 543 652 590 eadem
698 544 878 592 menda
925 546 1017 592 etsi
1055 547 1330 593 recentiora
1373 549 1541 593 tamen
1580 562 1725 608 saepe
1765 562 1839 593 re-

146 619 366 678 currunt,
405 618 563 666 veluti

321 707 375 755 Π
401 709 485 768 20,
513 709 542 754 2
585 709 762 768 efficax
787 723 885 756 esse
917 703 1031 773 em]
1074 710 1224 768 effioea
1257 723 1356 757 esse
1382 709 1435 757 Φ
1472 710 1582 768 fieri
1606 712 1650 757 et
1671 723 1771 757 esse
1794 705 1838 756 Δ
1860 710 1862 714 ’

580 796 680 830 esse
711 776 744 829 Z
776 785 886 841 fieri
917 777 1008 830 ΕΤ
1042 777 1152 848 (sed
1181 787 1297 845 post
1328 784 1594 842 aliquando
1625 777 1666 830 E
1707 776 1842 849 coll.)

582 858 711 917 effici
748 857 1054 906 Vincentius.
1532 861 1538 864 ’

149 962 308 1008 neque
355 961 471 994 vero
518 946 611 994 hae
667 949 924 995 contextus
978 948 1352 995 immutationes
1404 947 1558 995 errori
1605 946 1846 994 debentur

150 1037 318 1070 omnes
358 1020 441 1069 sed
482 1021 602 1068 satis
643 1021 830 1070 multae
869 1022 1277 1083 interpolationes
1311 1023 1427 1069 sunt
1459 1024 1508 1069 et
1548 1020 1755 1069 audaces
1796 1021 1846 1067 et

150 1110 365 1159 sagaces,
407 1111 619 1156 quarum
657 1095 876 1159 insignes
922 1096 1189 1144 nonnullas
1230 1098 1376 1143 antea
1417 1096 1643 1160 congessi
1680 1092 1843 1161 (Stud.

151 1170 176 1217 Ι
204 1170 270 1218 68
290 1185 412 1231 sqq.,
451 1169 503 1216 H
530 1171 596 1217 29
617 1163 727 1235 sq).
807 1171 1020 1232 exempli
1065 1172 1172 1218 loco
1221 1170 1458 1218 afferatur
1498 1171 1703 1218 adustus
1733 1168 1846 1216 IVb

155 1246 239 1305 13,
267 1245 296 1291 5
338 1245 391 1291 in
430 1237 536 1291 L2Z
579 1243 818 1293 additum.
875 1248 1025 1306 atque
1064 1246 1302 1292 memoria
1342 1247 1416 1293 est
1456 1244 1676 1307 dignum,
1717 1243 1848 1305 quod

152 1334 500 1380 nonnusquam
546 1319 736 1367 scribae
782 1319 1046 1383 diligentes
1094 1319 1158 1367 ad
1203 1320 1336 1367 locos
1383 1321 1655 1380 temptatos
1695 1317 1866 1381 inter-v

154 1395 466 1455 pretamenta
505 1393 748 1455 quaedam
788 1394 1091 1455 adiecerunt,
1128 1394 1289 1443 veluti

303 1482 381 1529 III
408 1483 474 1530 23
533 1497 588 1530 ex
632 1478 1007 1547 posterioribus]
1087 1498 1142 1531 ex
1202 1483 1292 1531 his
1346 1483 1697 1542 posterioribus
1760 1474 1847 1547 (sc.

589 1552 785 1623 librisP)
817 1551 876 1605 Z:
917 1559 976 1605 cf.
1011 1572 1066 1605 696
1105 1558 1437 1617 superioribus
1467 1550 1561 1604 ΕΤ
1603 1550 1690 1622 (sc.
1722 1558 1776 1604 in
1807 1549 1849 1603 Ε

588 1632 707 1680 ordo
747 1632 989 1679 librorum
1029 1635 1211 1680 temere
1252 1634 1474 1680 mutatus
1515 1625 1611 1698 est)

305 1705 384 1753 III
411 1706 496 1768 28,
525 1707 555 1753 3
596 1709 767 1754 veteris
807 1710 921 1754 ante
969 1701 1164 1770 littoris]
1212 1707 1457 1754 interioris
1494 1700 1584 1753 ΡΤ
1625 1707 1776 1757 ‘ventis
1815 1719 1852 1769 η

589 1782 822 1840 antiqui
862 1776 910 1829 Z.

159 1873 308 1932 atque
349 1869 520 1918 eodem
558 1870 703 1918 modo
742 1870 793 1917 II
821 1871 904 1931 27,
933 1871 962 1918 3
1003 1870 1089 1918 ubi
1120 1871 1173 1917 in
1205 1870 1474 1931 archetypo
1515 1884 1624 1917 acre
1655 1867 1855 1917 videtur

158 1945 327 2004 fuisse,
366 1945 419 1993 in
458 1941 502 1992 Δ
545 1960 655 1992 aere
702 1940 1094 2002 describebatur,
1133 1946 1187 1991 in
1227 1943 1453 1992 omnibus
1495 1945 1743 2006 quotquot
1780 1943 1854 1990 in-

159 2021 431 2067 notuerunt
483 2019 705 2066 familiae
765 2019 818 2067 Φ
874 2019 1121 2067 codicibus
1175 2019 1392 2066 traditur
1451 2032 1561 2066 acre
1616 2018 1854 2065 acerbum.

159 2110 319 2155 neque
359 2093 505 2141 aliter
545 2093 856 2155 explicantur
895 2094 1004 2141 IVb
1031 2096 1085 2155 4,
1114 2096 1143 2141 2
1192 2095 1418 2153 temporis
1459 2089 1557 2140 ‹ff›
1603 2093 1732 2140 aeris
1771 2084 1855 2157 ρΖ

163 2170 389 2227 temporis
436 2169 509 2216 vel
556 2170 685 2216 aeris
731 2168 763 2215 λ
811 2171 860 2215 et
907 2168 1209 2231 glossemata
1257 2167 1443 2215 similia
1491 2159 1574 2232 (cf.
1607 2165 1633 2212 I
1669 2158 1857 2230 1,14)‚

163 2258 290 2303 quae
329 2258 443 2290 raro
482 2243 720 2306 leguntur
760 2243 808 2289 in
848 2242 988 2290 libris
1022 2242 1391 2290 vetustioribus.
1462 2240 1616 2289 studii
1657 2242 1706 2287 et
1747 2239 1858 2285 dili-

163 2317 363 2380 gentiae
425 2317 794 2381 philologorum
856 2317 1164 2365 saeculorum
1223 2317 1327 2364 fere
1386 2310 1859 2380 XJXI—-XH,1XIII

162 2391 450 2439 testimonia
488 2392 610 2439 haec
650 2394 765 2439 sunt
802 2392 1009 2452 pulchra
1042 2407 1200 2452 neque
1241 2391 1361 2439 satis
1401 2389 1547 2438 hodie
1581 2389 1858 2437 aestimata.

441 2564 556 2617 VII.
596 2565 673 2618 De
711 2564 867 2618 textu
906 2563 1241 2618 emendando
1283 2563 1337 2616 et
1376 2561 1584 2616 edendo

278 2688 391 2736 Non
440 2691 772 2737 correctorum
825 2687 977 2736 medii
1031 2687 1142 2736 aevi
1189 2687 1354 2735 studia
1402 2686 1489 2734 sed
1545 2683 1860 2746 antiquitatis

168 2763 444 2811 socordiam
495 2763 652 2810 secuti
707 2765 823 2810 sunt
875 2763 1209 2810 recentiorum
1268 2763 1549 2822 temporum
1603 2758 1861 2821 philologi.

168 2837 383 2899 neglecti
423 2838 553 2884 enim
593 2853 622 2884 a
662 2837 910 2900 plerisque
950 2836 1272 2883 Naturalium
1311 2833 1667 2890 Quaestionum
1704 2832 1864 2879 libelli

169 2926 279 2959 cum
320 2912 495 2960 ceteris
538 2912 749 2959 Senecae
789 2910 986 2971 scriptis
1034 2911 1194 2957 multo
1241 2909 1400 2972 magis
1442 2907 1685 2955 adamatis
1723 2907 1868 2968 prelo·
