1988 3138
190 98 294 150 158
406 157 430 161 ‚p
724 99 773 145 L.
807 100 1044 145 ANNAEI
1076 99 1346 146 SENECAE

125 233 151 272 3
279 217 563 290 ’Ἑφορός
610 240 672 289 γε
718 222 827 289 μὴν
873 220 903 274 6
950 224 1247 288 Κυμαῖος
1303 223 1713 291 (fr.108F..H
1743 224 1807 278 G.
1848 227 1890 278 Ι

174 312 229 361 p.
255 295 387 363 263)
431 295 490 347 ἐν
522 302 586 365 τῇ
626 297 813 365 πρώτῃ
846 306 958 348 τῶν
992 297 1252 365 ἱστοριῶν
1291 311 1466 366 φησιν
1497 298 1697 369 ἀραιὰν
1737 296 1880 353 εἶναι

182 368 318 420 κατὰ
365 369 542 436 φύσιν
587 370 689 436 τὴν
727 374 1020 437 Αἴγυπτον
1065 369 1155 423 καὶ
1203 391 1304 423 κατ
1375 370 1495 435 ἔτος
1542 372 1880 466 ἐπειγομένης

184 443 338 505 ι’λύος
375 442 484 495 ὑπὸ
525 450 626 495 τοῦ
665 446 878 496 Νείλου
919 450 1353 514 στεναγοῦσθαι,
1393 447 1492 500 τὸν
1531 444 1592 499 δὲ
1630 449 1880 543 ποταμὸν
1945 507 1950 515 ,

182 517 345 585 δίκην
393 517 623 586 ἱδρῶτος
669 519 806 570 κατὰ
844 519 942 570 τὸν
980 519 1180 589 καιρὸν
1217 527 1316 572 τοῦ
1362 522 1638 590 καύματος
1685 521 1772 575 ἐπὶ
1812 524 1879 575 τὰ
1925 545 1947 576 5

180 593 496 660 κουφότερα
532 589 624 644 καὶ
665 591 959 661 ἀραιότερα
999 602 1306 662 καταρρεῖν.

121 680 149 718 4
294 664 431 718 ἀλλὰ
479 664 570 718 καὶ
623 667 1049 735 Θρασυάλκης
1096 667 1125 719 ὁ
1177 669 1419 731 Θάσιος
1475 669 1561 737 (ef.
1602 670 1880 723 Posidonii

179 739 286 791 rell.
333 741 408 792 ed.
456 739 604 792 Balce
647 758 705 807 p.
745 745 817 793 98
869 746 917 794 et
968 740 1153 794 Strabo
1201 742 1240 793 I
1278 744 1373 805 21)
1435 746 1566 806 τοὺς
1628 743 1879 812 ἐτησίους

181 811 356 882 φησὶν
395 813 627 877 ἐξωθεῖν
658 816 757 867 τὸν
780 818 1013 868 Νεῖλον·
1051 824 1146 884 τῆς
1177 817 1282 885 γὰρ
1308 819 1612 881 Αἰθιοπιας
1643 818 1879 886 ὑψηλοῖς

179 889 328 957 παρὰ
373 889 439 940 τὰ
485 886 616 941 καθ’
669 889 807 957 ἡμᾶς
863 891 1014 959 ὄρεσι
1062 890 1422 959 διεζωσμένης
1469 892 1877 962 ὑποδεχομένης
1902 916 1947 947 10

178 982 235 1014 τε
267 963 362 1025 τὰς
395 961 628 1030 νεφέλας
660 964 794 1029 πρὸς
826 973 938 1016 τῶν
971 963 1203 1033 ἐτησίων
1235 965 1562 1032 ὠθουμένας
1595 966 1877 1020 ἐκδιδόναι

178 1034 514 1107 (ἐπιδιδόναι
554 1035 871 1109 coniecerim)
911 1039 1008 1090 τὸν
1046 1042 1259 1092 Νεῖλον
1297 1071 1371 1077 —

118 1126 144 1164 5
291 1111 363 1173 ὡς
412 1111 504 1163 καὶ
555 1111 1020 1181 Καλλισθένης
1073 1113 1100 1166 6
1142 1115 1672 1182 Περιπατητικὸς
1712 1115 1878 1183 (fr.6

178 1185 231 1238 S.
257 1185 322 1238 R.
347 1185 413 1237 A.
450 1204 501 1253 p
535 1187 629 1255 12)
673 1185 733 1238 ἐν
771 1192 845 1259 τῷ
879 1187 1116 1259 τεταρτῳ
1157 1189 1355 1260 βιβλίῳ
1395 1197 1507 1241 τῶν
1539 1187 1877 1258 Ἑλληνικῶν

182 1272 356 1328 φησιν
382 1258 581 1313 ἑαυτὸν
606 1261 1125 1330 συστρατεύσασθαι
1136 1241 1477 1334 Ἀλεξανδρῳ
1496 1270 1570 1334 τῷ
1588 1265 1876 1316 Μακεδόνι
1901 1285 1944 1318 15

176 1354 268 1387 και
315 1336 620 1402 γενόμενον
668 1333 754 1387 ἐπὶ
801 1343 896 1404 τῆς
936 1336 1240 1399 Αἰθιοπιας
1288 1337 1474 1406 εὑρεῖν
1519 1337 1620 1390 τὸν
1667 1341 1876 1391 Νεῖλον

178 1407 231 1472 ἐξ
273 1407 517 1478 ἀπείρων
557 1410 782 1479 ὄμβρων
820 1407 934 1462 κατ’
976 1408 1193 1480 ἐκείνην
1224 1410 1538 1479 γενομένων
1571 1414 1875 1483 καταφερό-

175 1502 361 1551 μενον.

294 1719 356 1762 ad
386 1719 421 1777 ἕ
452 1722 480 1762 5
512 1720 700 1763 Lucani
729 1720 893 1764 Phars.
928 1720 980 1763 X
1007 1723 1104 1764 268
1122 1735 1237 1776 sqq.:

352 1807 467 1848 quae
498 1794 583 1837 tibi
612 1793 827 1837 noscendi
858 1795 1036 1847 Nilum,
1071 1795 1291 1850 Romane,
1324 1796 1490 1851 cupido
1522 1801 1596 1840 est.

354 1857 396 1896 et
426 1853 617 1896 Phariis
648 1855 888 1909 Persisque
917 1855 1012 1908 fuit
1045 1855 1363 1911 Macetumque
1394 1857 1607 1912 tyrannis

256 1923 320 1955 270
351 1913 570 1968 nullaque
599 1927 694 1956 non
726 1918 851 1957 aetas
881 1914 1024 1958 voluit
1055 1915 1258 1968 conferre
1288 1915 1464 1969 futuris

352 1973 580 2027 notitiam,
612 1972 690 2015 sed
720 1973 862 2016 vincit
893 1973 1041 2016 adhuc
1071 1978 1245 2017 natura
1277 1974 1452 2018 latendi

175 2046 275 2100 (ubi
298 2046 499 2090 Neronis
530 2047 695 2102 cupido
726 2047 805 2090 vioe
835 2047 1000 2103 respici
1030 2048 1177 2090 eodem
1203 2048 1357 2103 potuit
1387 2048 1517 2092 modo
1541 2062 1627 2104 quo
1652 2063 1682 2091 a
1705 2048 1874 2093 Seneca

180 2105 256 2148 VI
273 2108 318 2159 8,
345 2108 385 2149 3.
448 2110 621 2150 natura
653 2106 848 2150 latendi:
878 2107 934 2161 cf.
971 2105 1019 2150 ἐν
1051 2107 1195 2164 βαθεῖ
1224 2107 1293 2151 vel
1324 2107 1374 2151 ἐν
1406 2106 1548 2165 βαθει
1579 2107 1613 2166 5
1644 2111 1706 2164 9).

349 2193 551 2223 summus
582 2180 848 2225 Alemander
877 2194 1046 2237 reyum,
1080 2195 1207 2236 quem
1239 2181 1468 2237 Memphis
1499 2183 1676 2236 adorat,

350 2239 520 2283 invidit
550 2234 666 2283 Nilo
697 2241 905 2295 misitque
933 2254 1015 2295 per
1046 2240 1208 2283 ultima
1244 2245 1390 2284 terrae

349 2298 624 2354 Aethiopum
657 2299 799 2343 lectos.
862 2300 966 2342 illos
995 2300 1258 2344 rubicunda
1288 2301 1462 2355 perusti

256 2368 320 2400 275
352 2371 469 2401 zona
494 2359 596 2413 poli
626 2359 794 2402 tenuit:
826 2359 990 2401 Nilum
1022 2359 1171 2402 videre
1202 2360 1428 2403 calentem.

348 2418 471 2460 venit
501 2418 563 2460 ad
594 2431 776 2462 occasus
807 2418 1054 2473 mundique
1087 2424 1284 2462 extrema
1316 2418 1529 2462 Sesostris

349 2481 392 2519 et
420 2477 620 2520 Pharios
651 2491 814 2521 cur-rus
844 2491 998 2534 requm
1030 2478 1274 2521 cervicibus
1304 2479 1408 2535 eqit,

350 2542 454 2579 ante
486 2541 636 2579 tamen
666 2540 832 2580 vestros
864 2550 1015 2580 amnes
1047 2536 1410 2592 Rhodanumque
1441 2536 1711 2592 Padumque

350 2609 486 2650 quam
518 2596 685 2639 Nilum
717 2597 770 2640 de
800 2597 926 2650 fonte
958 2596 1080 2639 bibit.
1143 2609 1337 2640 vesanus
1367 2597 1420 2639 in
1451 2601 1576 2639 ortus

253 2666 317 2698 280
353 2655 589 2710 Cambyses
621 2655 747 2712 Zonqi
773 2656 967 2711 populos
993 2656 1199 2710 pervenit
1229 2655 1291 2698 ad
1322 2655 1424 2699 aevi

348 2715 628 2771 defectusque
659 2716 805 2769 epulis
836 2720 876 2758 et
902 2719 1064 2769 pastus
1094 2715 1227 2758 caede
1257 2728 1442 2758 suorum

348 2774 500 2831 iqnoto
532 2779 586 2827 te,
619 2774 742 2828 Nile,
772 2774 901 2818 redit.

171 2848 245 2902 (dc
286 2849 366 2890 hoc
397 2861 590 2891 eoecwrsu
627 2847 839 2891 historico
872 2846 1060 2891 Senecae
1091 2861 1121 2890 a
1152 2847 1403 2891 Posidonio
1442 2847 1613 2891 tradito
1651 2847 1708 2901 cf.
1735 2847 1868 2891 Diels

161 2921 211 2963 p.
238 2911 297 2950 19
313 2921 373 2962 sq.
441 2907 731 2951 Callisthenes
760 2907 856 2961 fuit
886 2907 1004 2950 inter
1037 2907 1200 2957 lectos.)
