1988 3138
514 122 739 167 NATUR.
772 121 1022 176 QUAEST.
1055 120 1166 165 Lm.
1198 119 1241 164 Π
1273 124 1461 164 12-14,
1761 118 1832 171 55

140 249 320 315 potest
343 244 501 314 carpi.
558 244 746 297 deinde
778 243 927 310 illud,
959 242 1103 311 quod
1135 242 1318 295 cadere
1350 242 1538 294 levitas
1570 239 1835 309 prohibet,

305 319 461 387 illud,
506 320 649 386 quod
687 319 744 370 in
783 317 963 370 abdito
1004 320 1150 370 tenet
1189 334 1369 387 grave,
1412 314 1682 384 quomodo
1722 315 1836 367 illic

141 414 255 448 esse
286 394 476 463 potuit,
507 393 648 446 unde
674 391 917 445 caderet?
973 391 1125 459 ‘quid
1150 391 1312 461 ergo?
1347 409 1457 443 non
1481 390 1651 458 aliqui
1683 389 1832 459 ignes
1868 402 1892 441 3

143 471 198 521 in
247 469 500 521 inferiora
548 467 675 520 ferri
726 467 921 534 solent,
973 466 1111 518 sicut
1159 465 1292 518 haec
1342 466 1479 533 ipsa,
1531 464 1595 517 de
1637 464 1833 532 quibus

97 566 116 598 ⁵
144 543 462 612 quaerimuS‚
492 540 773 594 fulmina?
828 541 1011 594 fateor.
1055 558 1165 592 non
1188 542 1316 592 eunt
1340 542 1520 592 tamen
1544 538 1636 591 sed
1659 538 1835 591 ferun-

140 622 248 670 tur:
299 617 481 684 aliqua
538 617 659 668 illos
709 615 951 684 potentia
998 614 1270 683 deprimit,
1323 631 1459 681 quae
1505 631 1615 665 non
1654 615 1734 665 est
1780 613 1837 664 in

140 691 365 745 aethere.
420 689 558 743 nihil
589 691 730 743 enim
763 690 876 742 illic
907 689 1101 745 iniuria
1129 689 1352 758 cogitur,
1385 687 1523 739 nihil
1553 687 1835 755 rumpitur,

140 766 279 819 nihil
326 768 537 834 praeter
582 765 801 817 solitum
841 764 1038 817 evenit:
1092 762 1220 815 ordo
1260 781 1439 815 rerum
1491 764 1592 828 est,
1645 764 1698 813 et
1749 779 1835 814 ex·
1867 773 1894 812 4

139 843 397 911 purgatus
438 840 577 910 ignis
618 840 675 891 in
713 838 955 891 custodia
993 837 1179 890 mundi
1219 855 1426 889 summa
1465 836 1684 888 sortitus
1719 853 1836 887 oras

73 935 117 969 ιο
141 915 316 984 operis
340 914 689 983 pulcherrimi
714 914 980 966 circumit:
1012 912 1139 965 hinc
1172 911 1487 964 descendere
1518 928 1629 962 non
1659 912 1838 978 potest

140 989 233 1043 sed
282 1008 348 1042 ne
399 989 464 1041 ab
518 991 736 1042 externo
778 987 1008 1055 quidem
1060 987 1309 1055 deprimi,
1362 985 1490 1054 quia
1529 985 1586 1036 in
1625 983 1836 1037 aethere

140 1064 277 1116 nulli
327 1064 529 1116 incerto
571 1062 783 1131 corpori
828 1063 978 1114 locus
1020 1064 1120 1128 est,
1173 1063 1316 1114 certa
1354 1063 1408 1113 et
1447 1059 1690 1112 ordinata
1729 1076 1839 1111 non

140 1141 395 1209 pugnant.

255 1212 336 1265 14.
363 1211 531 1279 ‘Vos’‚
556 1212 748 1279 inquit,
774 1210 986 1278 ‘dicitis‚
1013 1229 1134 1263 cum
1161 1228 1343 1262 causas
1370 1209 1644 1262 stellarum
1669 1210 1836 1259 trans-
1872 1221 1894 1259 1

73 1307 116 1342 ιε
139 1288 436 1340 volantium
486 1287 729 1353 redditis,
780 1304 936 1354 posse
985 1286 1196 1353 aliquas
1249 1284 1383 1336 aeris
1434 1286 1612 1352 partes
1665 1282 1731 1334 ad
1782 1300 1837 1335 se

140 1361 348 1414 trahere
403 1362 582 1432 ignem
637 1379 702 1414 ex
755 1361 888 1413 locis
944 1359 1307 1428 superioribus
1364 1356 1599 1427 [ardore]
1655 1360 1708 1410 et
1762 1357 1838 1409 sic

140 1436 392 1489 accendi’.
470 1435 562 1488 sed
611 1435 904 1504 plurimum
945 1435 1186 1500 interest,
1237 1436 1416 1485 utrum
1459 1432 1656 1500 aliquis
1698 1431 1840 1484 dicat

141 1512 320 1581 ignem
361 1529 426 1563 ex
466 1509 676 1563 aethere
717 1509 982 1576 decidere,
1036 1508 1181 1576 quod
1231 1510 1421 1560 natura
1460 1525 1570 1559 non
1620 1507 1838 1574 patitur,

141 1604 210 1637 an
249 1585 391 1637 dicat
429 1603 494 1638 ex
545 1585 701 1654 ignea
739 1585 792 1636 vi
844 1585 1074 1637 calorem
1126 1584 1183 1635 in
1222 1601 1304 1649 ea,
1358 1600 1494 1650 quae
1546 1581 1838 1647 subiacent,

72 1679 118 1713 20
141 1660 419 1712 transilire.
497 1677 607 1711 non
645 1659 788 1712 enim
829 1659 979 1711 illinc
1019 1658 1158 1729 ignis
1199 1657 1362 1724 cadit,
1412 1655 1558 1724 quod
1596 1673 1707 1707 non
1745 1673 1837 1723 po-

139 1738 244 1787 test
293 1734 430 1801 fieri,
482 1733 574 1787 sed
625 1733 714 1786 hic
763 1734 1012 1786 nascitur.
1091 1731 1334 1784 videmus
1376 1733 1516 1783 certe
1557 1730 1699 1799 apud
1738 1747 1836 1782 nos
1870 1744 1895 1782 2

258 1866 361 1923 oslo
391 1865 449 1919 ef.
482 1865 657 1909 Aetnae
687 1879 727 1909 v.
762 1867 850 1909 194
865 1878 927 1921 sq.
962 1863 1257 1920 custodiaque
1287 1862 1410 1921 iynis
1441 1862 1514 1906 illi
1545 1861 1672 1919 operi
1702 1866 1777 1906 est.

257 1989 280 2028 1
325 1983 492 2028 cadere
537 1983 729 2043 leuitas]
777 1982 1007 2040 cot(t)idie
1054 1981 1145 2027 leu.
1195 1981 1295 2026 cad.
1345 1982 1451 2038 (cot.
1497 1995 1534 2025 e.
1583 1980 1612 2023 l.
1646 1982 1700 2038 A)
1743 1982 1783 2024 A
1826 1981 1839 2036 ΙΙ

139 2048 168 2088 2
194 2050 299 2102 post
327 2043 578 2101 prohibet‚]
612 2044 760 2100 suppl.
796 2042 1027 2099 quomodo
1061 2042 1279 2086 caderet?
1314 2041 1391 2085 Ge,
1421 2044 1427 2097 1
1455 2041 1505 2099 i.]
1541 2040 1581 2083 si
1611 2040 1732 2084 illud
1766 2053 1792 2084 ε
1827 2041 1834 2096 Ι

140 2104 265 2160 quod
299 2104 454 2207 Kroffl
487 2117 592 2158 suo,
624 2109 730 2147 ante
760 2104 890 2147 tenet
921 2104 1077 2159 Βε(Δ)
1106 2103 1111 2159 Ι
1140 2102 1302 2146 abdito
1335 2105 1487 2145 eJKT
1505 2101 1636 2145 Fort.
1657 2100 1838 2158 Rossb]

139 2165 170 2208 i.
188 2179 223 2209 e.
244 2165 387 2220 profu
453 2177 493 2218 o,
518 2164 573 2219 cf.
600 2163 787 2217 11128,
804 2166 845 2207 4.
876 2167 950 2218 30,
968 2165 1009 2206 3.
1044 2162 1141 2217 V4,
1159 2166 1199 2206 1.
1235 2162 1361 2215 VI7,
1379 2163 1419 2205 5.
1448 2159 1577 2204 adito
1604 2158 1838 2204 drnmz

141 2223 304 2267 addito
345 2223 528 2266 (310¹0P
569 2226 575 2279 Ι
625 2224 756 2267 tenet
789 2222 867 2267 Ge.
894 2222 1006 2280 Leo]
1050 2222 1192 2265 tenet.
1238 2221 1356 2265 trad.
1402 2221 1590 2264 tenetur
1632 2219 1791 2264 Rossb.
1829 2220 1835 2275 1

139 2283 305 2341 graue]
351 2284 555 2341 yravitas
599 2283 700 2340 iyni
746 2283 985 2326 inhaerens
1031 2281 1211 2338 impwro
1257 2282 1271 2337 ΙΙ
1318 2285 1343 2323 3
1377 2280 1488 2338 non]
1529 2294 1642 2323 num
1673 2280 1794 2323 ἙλΤ
1825 2279 1839 2335 ΙΙ

141 2347 168 2386 ὀ
207 2341 392 2401 fateor]
440 2341 539 2386 fato
584 2341 708 2385 enim
740 2344 780 2386 Δ
824 2344 829 2398 Ι
872 2341 1049 2399 tamen]
1097 2355 1181 2385 om.
1215 2342 1254 2385 Δ
1302 2342 1316 2397 ΙΙ
1364 2343 1391 2383 6
1422 2338 1548 2398 illos]
1598 2352 1676 2383 eos
1717 2343 1794 2381 ΕΤ
1826 2339 1840 2394 ΙΙ

139 2406 166 2446 ’1
197 2401 297 2446 illic
342 2401 534 2460 iniuria]
584 2402 645 2446 in.
694 2400 793 2445 illic
825 2403 865 2445 Δ
904 2403 919 2458 ΙΙ
958 2406 983 2443 8
1017 2402 1108 2454 est,
1158 2400 1223 2458 et]
1272 2402 1320 2443 et
1352 2399 1515 2443 Madv.
1573 2400 1656 2453 est,
1705 2400 1759 2442 ut
1791 2432 1837 2442 ..

141 2461 347 2506 circueat
378 2462 423 2518 (l.
448 2465 522 2517 10)
548 2461 717 2506 Schult.
742 2462 757 2517 ΙΙ
781 2465 808 2504 9
840 2461 1039 2518 summa]
1072 2459 1130 2504 τὰ
1162 2466 1337 2516 πρῶτα,
1371 2471 1574 2502 summas
1599 2460 1640 2502 A
1664 2458 1800 2516 vulyo
1827 2459 1833 2513 Ι

140 2534 244 2565 oras
268 2521 326 2580 Κ]
358 2521 496 2565 horas
534 2523 549 2577 ΙΙ
587 2524 639 2564 10
670 2519 843 2579 operis]
877 2533 1041 2577 operas
1067 2522 1107 2564 A
1144 2522 1149 2576 Ι
1184 2518 1486 2576 pulcherrimi
1521 2517 1703 2576 Mada]
1735 2516 1839 2573 pul-

142 2580 367 2625 cherrime
395 2584 401 2637 Ι
436 2580 565 2639 hinc]
599 2579 676 2624 hic
711 2582 762 2623 Φ
795 2580 802 2638 Ι
838 2579 1138 2647 descendere]
1172 2578 1410 2623 discedere
1443 2580 1482 2622 A
1515 2579 1530 2635 ΙΙ
1561 2582 1607 2621 11
1639 2576 1839 2634 deprimi

141 2641 231 2700 Bp]
263 2640 460 2697 exprimi
492 2643 530 2683 Δ
573 2639 817 2696 comprimi
853 2641 906 2683 Φ
949 2652 1130 2696 corpori
1163 2652 1190 2683 ε
1228 2641 1243 2695 ΙΙ
1281 2643 1333 2682 12
1365 2638 1511 2696 certa]
1555 2638 1683 2682 certa
1714 2636 1839 2680 enim

143 2701 184 2743 Δ
221 2701 237 2756 ΙΙ
274 2703 325 2743 14
353 2700 456 2759 uos]
489 2700 546 2754 cf.
572 2714 622 2756 p.
649 2702 721 2753 54,
740 2702 795 2743 14
823 2701 830 2755 Ι
858 2699 1031 2757 inquit]
1065 2699 1257 2755 inquam
1286 2699 1352 2753 Φ,
1383 2698 1459 2742 sed
1490 2698 1547 2752 ef.
1576 2711 1624 2753 p.
1653 2700 1724 2750 61,
1744 2699 1800 2739 13
1824 2697 1837 2750 ΙΙ

142 2761 195 2803 10
224 2772 280 2803 ex
311 2758 426 2803 locis
458 2786 512 2792 —
546 2763 596 2802 18
630 2758 806 2818 ignem]
838 2772 923 2803 om.
956 2761 1020 2812 A,
1064 2772 1119 2802 ex
1151 2758 1224 2801 his
1255 2757 1370 2801 locis
1403 2771 1487 2814 eqs.
1521 2761 1598 2799 ΕΤ
1623 2755 1789 2800 Schult.
1825 2756 1839 2810 ΙΙ

143 2819 196 2861 le
235 2818 399 2863 ardore
441 2819 525 2863 del.
563 2818 662 2876 Ge]
711 2820 783 2874 (ex
815 2822 868 2874 Β)
912 2831 966 2862 eo
1011 2818 1176 2862 ardore
1207 2822 1285 2860 ΕΤ
1329 2818 1334 2875 Ι
1378 2817 1464 2884 εἰσ]
1512 2830 1569 2861 sc.
1616 2816 1779 2859 ardore
1823 2815 1837 2869 ΙΙ

144 2879 195 2943 18
226 2876 461 2947 decidere]
502 2878 796 2922 decidentem
829 2880 868 2922 A
915 2880 930 2934 ΙΙ
975 2881 1026 2921 19
1060 2890 1119 2921 an
1151 2876 1297 2935 dicat]
1340 2878 1393 2920 ut
1423 2876 1566 2919 liceat
1598 2877 1637 2918 A
1681 2876 1686 2930 1
1731 2871 1835 2916 sub-

145 2937 318 2996 meent]
350 2938 563 2982 subiecta
594 2940 702 2981 sunt
735 2939 774 2981 A
