<?xml version="1.0" encoding="UTF-8"?>
<!DOCTYPE html PUBLIC "-//W3C//DTD XHTML 1.0 Transitional//EN"
    "http://www.w3.org/TR/xhtml1/DTD/xhtml1-transitional.dtd">
<html xmlns="http://www.w3.org/1999/xhtml" xml:lang="en" lang="en">
 <head>
  <title>
</title>
<meta http-equiv="Content-Type" content="text/html;charset=utf-8" />
  <meta name='ocr-system' content='tesseract 3.04.00' />
  <meta name='ocr-capabilities' content='ocr_page ocr_carea ocr_par ocr_line ocrx_word'/>
</head>
<body>
  <div class='ocr_page' id='page_1' title='image "./operaquaesupersu02seneuoft/operaquaesupersu02seneuoft_0261.png"; bbox 0 0 1988 3138; ppageno 0'>
   <div class='ocr_carea' id='block_1_1' title="bbox 497 70 1841 133">
    <p class='ocr_par' dir='ltr' id='par_1_1' title="bbox 497 70 1841 133">
     <span class='ocr_line' id='line_1_1' title="bbox 497 70 1841 133; baseline 0.001 -9"><span class='ocrx_word' id='word_1_1' title='bbox 497 79 723 124; x_wconf 77' lang='lat' dir='ltr'>NATUR.</span> <span class='ocrx_word' id='word_1_2' title='bbox 757 78 1009 133; x_wconf 81' lang='lat' dir='ltr'><strong>QUAEST.</strong></span> <span class='ocrx_word' id='word_1_3' title='bbox 1040 78 1153 123; x_wconf 90' lang='lat' dir='ltr'><strong>LIB.</strong></span> <span class='ocrx_word' id='word_1_4' title='bbox 1185 78 1264 133; x_wconf 70' lang='lat' dir='ltr'><strong>VI,</strong></span> <span class='ocrx_word' id='word_1_5' title='bbox 1300 70 1488 123; x_wconf 75' lang='lat'><strong>11—1&#39;3.</strong></span> <span class='ocrx_word' id='word_1_6' title='bbox 1731 78 1841 132; x_wconf 83' lang='grc'><strong>209</strong></span> 
     </span>
    </p>
   </div>
   <div class='ocr_carea' id='block_1_2' title="bbox 59 201 1897 2062">
    <p class='ocr_par' dir='ltr' id='par_1_2' title="bbox 59 201 1897 2062">
     <span class='ocr_line' id='line_1_2' title="bbox 139 201 1844 271; baseline -0.001 -16"><span class='ocrx_word' id='word_1_7' title='bbox 139 203 286 271; x_wconf 91' lang='lat' dir='ltr'><strong>quod</strong></span> <span class='ocrx_word' id='word_1_8' title='bbox 332 203 379 255; x_wconf 92' lang='lat' dir='ltr'><strong>si</strong></span> <span class='ocrx_word' id='word_1_9' title='bbox 421 201 710 271; x_wconf 81' lang='lat' dir='ltr'>recipimus</span> <span class='ocrx_word' id='word_1_10' title='bbox 757 204 811 253; x_wconf 90' lang='lat' dir='ltr'><strong>et</strong></span> <span class='ocrx_word' id='word_1_11' title='bbox 856 203 1066 253; x_wconf 88' lang='lat' dir='ltr'><strong>constat</strong></span> <span class='ocrx_word' id='word_1_12' title='bbox 1113 201 1246 254; x_wconf 88' lang='lat' dir='ltr'><strong>duos</strong></span> <span class='ocrx_word' id='word_1_13' title='bbox 1286 205 1474 254; x_wconf 86' lang='lat' dir='ltr'><strong>ventos</strong></span> <span class='ocrx_word' id='word_1_14' title='bbox 1520 219 1632 253; x_wconf 91' lang='lat' dir='ltr'><strong>rem</strong></span> <span class='ocrx_word' id='word_1_15' title='bbox 1682 201 1844 254; x_wconf 89' lang='lat' dir='ltr'><strong>simul</strong></span> 
     </span>
     <span class='ocr_line' id='line_1_3' title="bbox 139 275 1844 349; baseline -0.002 -19"><span class='ocrx_word' id='word_1_16' title='bbox 139 296 338 349; x_wconf 83' lang='lat' dir='ltr'><strong>gerere,</strong></span> <span class='ocrx_word' id='word_1_17' title='bbox 369 276 560 346; x_wconf 79' lang='lat' dir='ltr'><strong>quidni</strong></span> <span class='ocrx_word' id='word_1_18' title='bbox 590 275 829 329; x_wconf 85' lang='lat' dir='ltr'><strong>accidere</strong></span> <span class='ocrx_word' id='word_1_19' title='bbox 867 275 1056 344; x_wconf 89' lang='lat' dir='ltr'><strong>possit,</strong></span> <span class='ocrx_word' id='word_1_20' title='bbox 1094 279 1156 327; x_wconf 89' lang='lat' dir='ltr'><strong>ut</strong></span> <span class='ocrx_word' id='word_1_21' title='bbox 1187 275 1322 328; x_wconf 87' lang='lat' dir='ltr'><strong>alter</strong></span> <span class='ocrx_word' id='word_1_22' title='bbox 1353 275 1681 344; x_wconf 89' lang='lat' dir='ltr'><strong>superiorem</strong></span> <span class='ocrx_word' id='word_1_23' title='bbox 1721 279 1844 328; x_wconf 69' lang='lat' dir='ltr'><strong>aera</strong></span> 
     </span>
     <span class='ocr_line' id='line_1_4' title="bbox 138 349 804 423; baseline -0.006 -18"><span class='ocrx_word' id='word_1_24' title='bbox 138 353 324 423; x_wconf 78' lang='lat' dir='ltr'><strong>agitet,</strong></span> <span class='ocrx_word' id='word_1_25' title='bbox 362 353 497 404; x_wconf 85' lang='lat' dir='ltr'><strong>alter</strong></span> <span class='ocrx_word' id='word_1_26' title='bbox 534 349 804 403; x_wconf 80' lang='lat' dir='ltr'><strong>inferum?</strong></span> 
     </span>
     <span class='ocr_line' id='line_1_5' title="bbox 256 423 1897 492; baseline -0.002 -13"><span class='ocrx_word' id='word_1_27' title='bbox 256 426 337 479; x_wconf 86' lang='lat'><strong>13.</strong></span> <span class='ocrx_word' id='word_1_28' title='bbox 399 424 463 478; x_wconf 90' lang='lat' dir='ltr'><strong>In</strong></span> <span class='ocrx_word' id='word_1_29' title='bbox 501 426 602 478; x_wconf 88' lang='lat' dir='ltr'><strong>hac</strong></span> <span class='ocrx_word' id='word_1_30' title='bbox 641 424 905 477; x_wconf 83' lang='lat' dir='ltr'><strong>sententia</strong></span> <span class='ocrx_word' id='word_1_31' title='bbox 941 423 1070 476; x_wconf 90' lang='lat' dir='ltr'><strong>licet</strong></span> <span class='ocrx_word' id='word_1_32' title='bbox 1109 441 1278 492; x_wconf 88' lang='lat' dir='ltr'><strong>ponas</strong></span> <span class='ocrx_word' id='word_1_33' title='bbox 1318 423 1746 476; x_wconf 86' lang='lat' dir='ltr'><strong>Aristotelem</strong></span> <span class='ocrx_word' id='word_1_34' title='bbox 1787 427 1842 477; x_wconf 84' lang='lat' dir='ltr'><strong>et</strong></span> <span class='ocrx_word' id='word_1_35' title='bbox 1874 438 1897 476; x_wconf 94' lang='lat'>1</span> 
     </span>
     <span class='ocr_line' id='line_1_6' title="bbox 94 495 1840 570; baseline -0.003 -14"><span class='ocrx_word' id='word_1_36' title='bbox 94 523 115 557; x_wconf 70' lang='grc' dir='ltr'><strong>ο</strong></span> <span class='ocrx_word' id='word_1_37' title='bbox 140 501 462 570; x_wconf 78' lang='lat' dir='ltr'><strong>discipulum</strong></span> <span class='ocrx_word' id='word_1_38' title='bbox 503 501 617 553; x_wconf 89' lang='lat' dir='ltr'><strong>eius</strong></span> <span class='ocrx_word' id='word_1_39' title='bbox 657 497 1172 567; x_wconf 76' lang='lat' dir='ltr'><strong>Theophrastum</strong></span> <span class='ocrx_word' id='word_1_40' title='bbox 1213 495 1369 569; x_wconf 89' lang='lat' dir='ltr'><strong>(non,</strong></span> <span class='ocrx_word' id='word_1_41' title='bbox 1407 502 1469 550; x_wconf 90' lang='lat' dir='ltr'><strong>ut</strong></span> <span class='ocrx_word' id='word_1_42' title='bbox 1510 496 1726 551; x_wconf 85' lang='lat' dir='ltr'><strong>Graecis</strong></span> <span class='ocrx_word' id='word_1_43' title='bbox 1765 499 1840 551; x_wconf 83' lang='lat' dir='ltr'><strong>vi—</strong></span> 
     </span>
     <span class='ocr_line' id='line_1_7' title="bbox 138 571 1840 643; baseline -0.003 -14"><span class='ocrx_word' id='word_1_44' title='bbox 138 595 257 629; x_wconf 86' lang='lat' dir='ltr'><strong>sum</strong></span> <span class='ocrx_word' id='word_1_45' title='bbox 296 579 392 643; x_wconf 88' lang='lat' dir='ltr'><strong>est,</strong></span> <span class='ocrx_word' id='word_1_46' title='bbox 431 573 615 641; x_wconf 81' lang='lat' dir='ltr'><strong>divini,</strong></span> <span class='ocrx_word' id='word_1_47' title='bbox 652 576 835 626; x_wconf 84' lang='lat' dir='ltr'><strong>tamen</strong></span> <span class='ocrx_word' id='word_1_48' title='bbox 866 576 919 625; x_wconf 91' lang='lat' dir='ltr'><strong>et</strong></span> <span class='ocrx_word' id='word_1_49' title='bbox 951 571 1122 625; x_wconf 90' lang='lat' dir='ltr'><strong>dulcis</strong></span> <span class='ocrx_word' id='word_1_50' title='bbox 1155 573 1357 641; x_wconf 90' lang='lat' dir='ltr'><strong>eloquii</strong></span> <span class='ocrx_word' id='word_1_51' title='bbox 1388 573 1564 625; x_wconf 85' lang='lat' dir='ltr'><strong>virum</strong></span> <span class='ocrx_word' id='word_1_52' title='bbox 1596 577 1649 625; x_wconf 89' lang='lat' dir='ltr'><strong>et</strong></span> <span class='ocrx_word' id='word_1_53' title='bbox 1680 572 1840 625; x_wconf 84' lang='lat' dir='ltr'><strong>nitidi</strong></span> 
     </span>
     <span class='ocr_line' id='line_1_8' title="bbox 138 646 1840 719; baseline -0.002 -16"><span class='ocrx_word' id='word_1_54' title='bbox 138 652 252 704; x_wconf 89' lang='lat' dir='ltr'><strong>sine</strong></span> <span class='ocrx_word' id='word_1_55' title='bbox 291 647 510 719; x_wconf 83' lang='lat' dir='ltr'><strong>labore).</strong></span> <span class='ocrx_word' id='word_1_56' title='bbox 589 646 719 716; x_wconf 88' lang='lat' dir='ltr'><strong>quid</strong></span> <span class='ocrx_word' id='word_1_57' title='bbox 757 647 972 715; x_wconf 90' lang='lat' dir='ltr'><strong>utrique</strong></span> <span class='ocrx_word' id='word_1_58' title='bbox 1019 646 1226 716; x_wconf 85' lang='lat' dir='ltr'><strong>placeat</strong></span> <span class='ocrx_word' id='word_1_59' title='bbox 1270 665 1558 715; x_wconf 84' lang='lat' dir='ltr'><strong>exponam:</strong></span> <span class='ocrx_word' id='word_1_60' title='bbox 1609 646 1840 716; x_wconf 76' lang='lat' dir='ltr'><strong>‘semper</strong></span> 
     </span>
     <span class='ocr_line' id='line_1_9' title="bbox 137 721 1839 793; baseline -0.001 -16"><span class='ocrx_word' id='word_1_61' title='bbox 137 724 318 793; x_wconf 83' lang='lat' dir='ltr'><strong>aliqua</strong></span> <span class='ocrx_word' id='word_1_62' title='bbox 362 723 670 792; x_wconf 83' lang='lat' dir='ltr'><strong>evaporatio</strong></span> <span class='ocrx_word' id='word_1_63' title='bbox 718 725 799 778; x_wconf 86' lang='lat' dir='ltr'><strong>est</strong></span> <span class='ocrx_word' id='word_1_64' title='bbox 845 740 873 774; x_wconf 93' lang='lat' dir='ltr'><strong>e</strong></span> <span class='ocrx_word' id='word_1_65' title='bbox 920 725 1083 789; x_wconf 87' lang='lat' dir='ltr'><strong>terra,</strong></span> <span class='ocrx_word' id='word_1_66' title='bbox 1140 739 1275 789; x_wconf 86' lang='lat' dir='ltr'><strong>quae</strong></span> <span class='ocrx_word' id='word_1_67' title='bbox 1321 722 1483 774; x_wconf 88' lang='lat' dir='ltr'><strong>modo</strong></span> <span class='ocrx_word' id='word_1_68' title='bbox 1540 721 1687 774; x_wconf 88' lang='lat' dir='ltr'><strong>arida</strong></span> <span class='ocrx_word' id='word_1_69' title='bbox 1742 725 1839 791; x_wconf 77' lang='lat' dir='ltr'><strong>est,</strong></span> 
     </span>
     <span class='ocr_line' id='line_1_10' title="bbox 136 795 1840 865; baseline -0.002 -13"><span class='ocrx_word' id='word_1_70' title='bbox 136 799 297 852; x_wconf 91' lang='lat' dir='ltr'><strong>modo</strong></span> <span class='ocrx_word' id='word_1_71' title='bbox 335 797 518 851; x_wconf 89' lang='lat' dir='ltr'><strong>umido</strong></span> <span class='ocrx_word' id='word_1_72' title='bbox 563 797 754 864; x_wconf 82' lang='lat' dir='ltr'><strong>mixta3</strong></span> <span class='ocrx_word' id='word_1_73' title='bbox 794 795 926 849; x_wconf 89' lang='lat' dir='ltr'><strong>haec</strong></span> <span class='ocrx_word' id='word_1_74' title='bbox 965 796 1031 848; x_wconf 88' lang='lat' dir='ltr'><strong>ab</strong></span> <span class='ocrx_word' id='word_1_75' title='bbox 1072 796 1258 848; x_wconf 90' lang='lat' dir='ltr'><strong>infimo</strong></span> <span class='ocrx_word' id='word_1_76' title='bbox 1300 796 1444 848; x_wconf 86' lang='lat' dir='ltr'><strong>edita</strong></span> <span class='ocrx_word' id='word_1_77' title='bbox 1484 798 1537 848; x_wconf 90' lang='lat' dir='ltr'><strong>et</strong></span> <span class='ocrx_word' id='word_1_78' title='bbox 1578 797 1635 849; x_wconf 91' lang='lat' dir='ltr'><strong>in</strong></span> <span class='ocrx_word' id='word_1_79' title='bbox 1675 814 1840 865; x_wconf 87' lang='lat' dir='ltr'><strong>quan-</strong></span> 
     </span>
     <span class='ocr_line' id='line_1_11' title="bbox 67 870 1838 943; baseline -0.003 -13"><span class='ocrx_word' id='word_1_80' title='bbox 67 896 113 931; x_wconf 83' lang='grc' dir='ltr'><strong>ιο</strong></span> <span class='ocrx_word' id='word_1_81' title='bbox 134 878 252 927; x_wconf 90' lang='lat' dir='ltr'><strong>tum</strong></span> <span class='ocrx_word' id='word_1_82' title='bbox 283 874 463 943; x_wconf 86' lang='lat' dir='ltr'><strong>potuit</strong></span> <span class='ocrx_word' id='word_1_83' title='bbox 493 871 646 939; x_wconf 84' lang='lat' dir='ltr'><strong>elata,</strong></span> <span class='ocrx_word' id='word_1_84' title='bbox 679 888 799 923; x_wconf 89' lang='lat' dir='ltr'><strong>cum</strong></span> <span class='ocrx_word' id='word_1_85' title='bbox 834 870 1143 924; x_wconf 87' lang='lat' dir='ltr'><strong>ulteriorem</strong></span> <span class='ocrx_word' id='word_1_86' title='bbox 1176 872 1372 940; x_wconf 87' lang='lat' dir='ltr'><strong>locum,</strong></span> <span class='ocrx_word' id='word_1_87' title='bbox 1404 871 1463 923; x_wconf 91' lang='lat' dir='ltr'><strong>in</strong></span> <span class='ocrx_word' id='word_1_88' title='bbox 1485 889 1644 939; x_wconf 91' lang='lat' dir='ltr'><strong>quem</strong></span> <span class='ocrx_word' id='word_1_89' title='bbox 1671 875 1838 940; x_wconf 81' lang='lat' dir='ltr'><strong>exeat,</strong></span> 
     </span>
     <span class='ocr_line' id='line_1_12' title="bbox 134 945 1839 1014; baseline 0 -14"><span class='ocrx_word' id='word_1_90' title='bbox 134 966 245 1000; x_wconf 90' lang='lat' dir='ltr'><strong>non</strong></span> <span class='ocrx_word' id='word_1_91' title='bbox 282 947 460 1014; x_wconf 90' lang='lat' dir='ltr'><strong>habet,</strong></span> <span class='ocrx_word' id='word_1_92' title='bbox 497 950 642 999; x_wconf 91' lang='lat' dir='ltr'><strong>retro</strong></span> <span class='ocrx_word' id='word_1_93' title='bbox 682 947 854 999; x_wconf 88' lang='lat' dir='ltr'><strong>fertur</strong></span> <span class='ocrx_word' id='word_1_94' title='bbox 892 949 1056 1013; x_wconf 92' lang='lat' dir='ltr'><strong>atque</strong></span> <span class='ocrx_word' id='word_1_95' title='bbox 1097 946 1154 996; x_wconf 92' lang='lat' dir='ltr'><strong>in</strong></span> <span class='ocrx_word' id='word_1_96' title='bbox 1193 964 1249 999; x_wconf 90' lang='lat' dir='ltr'><strong>se</strong></span> <span class='ocrx_word' id='word_1_97' title='bbox 1287 946 1608 1014; x_wconf 82' lang='lat' dir='ltr'><strong>revolvitur3</strong></span> <span class='ocrx_word' id='word_1_98' title='bbox 1648 945 1839 1000; x_wconf 90' lang='lat' dir='ltr'><strong>deinde</strong></span> 
     </span>
     <span class='ocr_line' id='line_1_13' title="bbox 133 1019 1838 1091; baseline -0.002 -16"><span class='ocrx_word' id='word_1_99' title='bbox 133 1024 250 1075; x_wconf 82' lang='lat' dir='ltr'><strong>rixa</strong></span> <span class='ocrx_word' id='word_1_100' title='bbox 281 1022 502 1091; x_wconf 85' lang='lat' dir='ltr'><strong>spiritus</strong></span> <span class='ocrx_word' id='word_1_101' title='bbox 527 1020 908 1089; x_wconf 85' lang='lat' dir='ltr'><strong>reciprocantis</strong></span> <span class='ocrx_word' id='word_1_102' title='bbox 942 1021 1105 1072; x_wconf 88' lang='lat' dir='ltr'><strong>iactat</strong></span> <span class='ocrx_word' id='word_1_103' title='bbox 1131 1019 1401 1072; x_wconf 82' lang='lat' dir='ltr'><strong>obstantia</strong></span> <span class='ocrx_word' id='word_1_104' title='bbox 1432 1023 1498 1088; x_wconf 84' lang='lat' dir='ltr'><strong>et,</strong></span> <span class='ocrx_word' id='word_1_105' title='bbox 1533 1021 1645 1073; x_wconf 86' lang='lat' dir='ltr'><strong>sive</strong></span> <span class='ocrx_word' id='word_1_106' title='bbox 1677 1020 1838 1073; x_wconf 88' lang='lat' dir='ltr'><strong>inter-</strong></span> 
     </span>
     <span class='ocr_line' id='line_1_14' title="bbox 133 1094 1838 1166; baseline -0.001 -17"><span class='ocrx_word' id='word_1_107' title='bbox 133 1097 313 1150; x_wconf 89' lang='lat' dir='ltr'><strong>clusus</strong></span> <span class='ocrx_word' id='word_1_108' title='bbox 362 1097 474 1149; x_wconf 82' lang='lat' dir='ltr'><strong>sive</strong></span> <span class='ocrx_word' id='word_1_109' title='bbox 512 1115 609 1165; x_wconf 91' lang='lat' dir='ltr'><strong>per</strong></span> <span class='ocrx_word' id='word_1_110' title='bbox 654 1098 884 1166; x_wconf 84' lang='lat' dir='ltr'><strong>angusta</strong></span> <span class='ocrx_word' id='word_1_111' title='bbox 923 1094 1102 1148; x_wconf 79' lang='lat' dir='ltr'><strong>enisus</strong></span> <span class='ocrx_word' id='word_1_112' title='bbox 1143 1097 1247 1162; x_wconf 85' lang='lat' dir='ltr'><strong>est,</strong></span> <span class='ocrx_word' id='word_1_113' title='bbox 1293 1097 1499 1146; x_wconf 88' lang='lat' dir='ltr'><strong>motum</strong></span> <span class='ocrx_word' id='word_1_114' title='bbox 1542 1111 1602 1146; x_wconf 92' lang='lat' dir='ltr'><strong>ac</strong></span> <span class='ocrx_word' id='word_1_115' title='bbox 1640 1095 1838 1147; x_wconf 91' lang='lat' dir='ltr'><strong>tumul-</strong></span> 
     </span>
     <span class='ocr_line' id='line_1_15' title="bbox 131 1169 1896 1238; baseline -0.002 -14"><span class='ocrx_word' id='word_1_116' title='bbox 131 1176 248 1224; x_wconf 85' lang='lat' dir='ltr'><strong>tum</strong></span> <span class='ocrx_word' id='word_1_117' title='bbox 273 1170 411 1224; x_wconf 89' lang='lat' dir='ltr'><strong>ciet.&#39;</strong></span> <span class='ocrx_word' id='word_1_118' title='bbox 468 1169 733 1223; x_wconf 87' lang='lat' dir='ltr'><strong>Straton</strong></span> <span class='ocrx_word' id='word_1_119' title='bbox 764 1188 830 1222; x_wconf 82' lang='lat' dir='ltr'><strong>ex</strong></span> <span class='ocrx_word' id='word_1_120' title='bbox 862 1169 1046 1221; x_wconf 89' lang='lat' dir='ltr'><strong>eadem</strong></span> <span class='ocrx_word' id='word_1_121' title='bbox 1078 1169 1265 1221; x_wconf 88' lang='lat' dir='ltr'><strong>schola</strong></span> <span class='ocrx_word' id='word_1_122' title='bbox 1296 1173 1391 1237; x_wconf 86' lang='lat' dir='ltr'><strong>est,</strong></span> <span class='ocrx_word' id='word_1_123' title='bbox 1424 1169 1517 1237; x_wconf 91' lang='lat' dir='ltr'><strong>qui</strong></span> <span class='ocrx_word' id='word_1_124' title='bbox 1548 1169 1688 1222; x_wconf 90' lang='lat' dir='ltr'><strong>hanc</strong></span> <span class='ocrx_word' id='word_1_125' title='bbox 1718 1188 1837 1238; x_wconf 87' lang='lat' dir='ltr'><strong>par·</strong></span> <span class='ocrx_word' id='word_1_126' title='bbox 1869 1182 1896 1221; x_wconf 81' lang='lat'>2</span> 
     </span>
     <span class='ocr_line' id='line_1_16' title="bbox 66 1244 1836 1316; baseline -0.003 -14"><span class='ocrx_word' id='word_1_127' title='bbox 66 1270 109 1303; x_wconf 67' lang='grc' dir='ltr'><strong>ιε</strong></span> <span class='ocrx_word' id='word_1_128' title='bbox 132 1251 238 1299; x_wconf 86' lang='lat' dir='ltr'><strong>tem</strong></span> <span class='ocrx_word' id='word_1_129' title='bbox 281 1245 659 1316; x_wconf 83' lang='lat' dir='ltr'><strong>philosophiae</strong></span> <span class='ocrx_word' id='word_1_130' title='bbox 698 1246 929 1296; x_wconf 81' lang='lat' dir='ltr'><strong>maxime</strong></span> <span class='ocrx_word' id='word_1_131' title='bbox 970 1244 1139 1296; x_wconf 82' lang='lat' dir='ltr'><strong>coluit</strong></span> <span class='ocrx_word' id='word_1_132' title='bbox 1186 1247 1240 1296; x_wconf 87' lang='lat' dir='ltr'><strong>et</strong></span> <span class='ocrx_word' id='word_1_133' title='bbox 1278 1262 1458 1296; x_wconf 90' lang='lat' dir='ltr'><strong>rerum</strong></span> <span class='ocrx_word' id='word_1_134' title='bbox 1496 1247 1719 1297; x_wconf 90' lang='lat' dir='ltr'><strong>naturae</strong></span> <span class='ocrx_word' id='word_1_135' title='bbox 1759 1244 1836 1296; x_wconf 92' lang='lat' dir='ltr'><strong>in-</strong></span> 
     </span>
     <span class='ocr_line' id='line_1_17' title="bbox 134 1318 1838 1390; baseline -0.001 -17"><span class='ocrx_word' id='word_1_136' title='bbox 134 1320 367 1390; x_wconf 84' lang='lat' dir='ltr'><strong>quisitor</strong></span> <span class='ocrx_word' id='word_1_137' title='bbox 415 1321 543 1388; x_wconf 83' lang='lat' dir='ltr'><strong>fuit3</strong></span> <span class='ocrx_word' id='word_1_138' title='bbox 597 1320 757 1372; x_wconf 90' lang='lat' dir='ltr'><strong>huius</strong></span> <span class='ocrx_word' id='word_1_139' title='bbox 810 1319 919 1371; x_wconf 88' lang='lat' dir='ltr'><strong>tale</strong></span> <span class='ocrx_word' id='word_1_140' title='bbox 970 1318 1243 1371; x_wconf 88' lang='lat' dir='ltr'><strong>decretum</strong></span> <span class='ocrx_word' id='word_1_141' title='bbox 1295 1322 1397 1371; x_wconf 80' lang='lat' dir='ltr'><strong>est:</strong></span> <span class='ocrx_word' id='word_1_142' title='bbox 1456 1318 1732 1388; x_wconf 81' lang='lat' dir='ltr'><strong>‘frigidum</strong></span> <span class='ocrx_word' id='word_1_143' title='bbox 1784 1321 1838 1371; x_wconf 88' lang='lat' dir='ltr'><strong>et</strong></span> 
     </span>
     <span class='ocr_line' id='line_1_18' title="bbox 132 1392 1836 1464; baseline -0.002 -16"><span class='ocrx_word' id='word_1_144' title='bbox 132 1395 364 1448; x_wconf 85' lang='lat' dir='ltr'><strong>calidum</strong></span> <span class='ocrx_word' id='word_1_145' title='bbox 405 1414 617 1464; x_wconf 82' lang='lat' dir='ltr'><strong>semper</strong></span> <span class='ocrx_word' id='word_1_146' title='bbox 647 1395 704 1446; x_wconf 90' lang='lat' dir='ltr'><strong>in</strong></span> <span class='ocrx_word' id='word_1_147' title='bbox 736 1394 1003 1446; x_wconf 88' lang='lat' dir='ltr'><strong>contraria</strong></span> <span class='ocrx_word' id='word_1_148' title='bbox 1035 1392 1250 1461; x_wconf 86' lang='lat' dir='ltr'><strong>abeunt,</strong></span> <span class='ocrx_word' id='word_1_149' title='bbox 1288 1412 1396 1445; x_wconf 91' lang='lat' dir='ltr'><strong>una</strong></span> <span class='ocrx_word' id='word_1_150' title='bbox 1427 1411 1542 1446; x_wconf 87' lang='lat' dir='ltr'><strong>esse</strong></span> <span class='ocrx_word' id='word_1_151' title='bbox 1574 1411 1686 1445; x_wconf 88' lang='lat' dir='ltr'><strong>non</strong></span> <span class='ocrx_word' id='word_1_152' title='bbox 1714 1411 1836 1462; x_wconf 94' lang='lat' dir='ltr'><strong>pos-</strong></span> 
     </span>
     <span class='ocr_line' id='line_1_19' title="bbox 131 1467 1837 1540; baseline -0.001 -17"><span class='ocrx_word' id='word_1_153' title='bbox 131 1475 278 1523; x_wconf 88' lang='lat' dir='ltr'><strong>sunt:</strong></span> <span class='ocrx_word' id='word_1_154' title='bbox 318 1488 381 1522; x_wconf 89' lang='lat' dir='ltr'><strong>eo</strong></span> <span class='ocrx_word' id='word_1_155' title='bbox 421 1469 678 1540; x_wconf 79' lang='lat' dir='ltr'><strong>frigidum</strong></span> <span class='ocrx_word' id='word_1_156' title='bbox 720 1467 957 1535; x_wconf 87' lang='lat' dir='ltr'><strong>confiuit,</strong></span> <span class='ocrx_word' id='word_1_157' title='bbox 996 1467 1137 1520; x_wconf 91' lang='lat' dir='ltr'><strong>unde</strong></span> <span class='ocrx_word' id='word_1_158' title='bbox 1168 1468 1249 1519; x_wconf 85' lang='lat' dir='ltr'><strong>vis</strong></span> <span class='ocrx_word' id='word_1_159' title='bbox 1290 1467 1452 1521; x_wconf 80' lang='lat' dir='ltr'><strong>calidi</strong></span> <span class='ocrx_word' id='word_1_160' title='bbox 1484 1467 1744 1536; x_wconf 79' lang='lat' dir='ltr'><strong>discessit,</strong></span> <span class='ocrx_word' id='word_1_161' title='bbox 1783 1470 1837 1521; x_wconf 83' lang='lat' dir='ltr'><strong>et</strong></span> 
     </span>
     <span class='ocr_line' id='line_1_20' title="bbox 131 1541 1834 1612; baseline -0.002 -15"><span class='ocrx_word' id='word_1_162' title='bbox 131 1545 358 1597; x_wconf 81' lang='lat' dir='ltr'><strong>invicem</strong></span> <span class='ocrx_word' id='word_1_163' title='bbox 415 1545 490 1597; x_wconf 91' lang='lat' dir='ltr'><strong>ibi</strong></span> <span class='ocrx_word' id='word_1_164' title='bbox 542 1543 771 1596; x_wconf 88' lang='lat' dir='ltr'><strong>calidum</strong></span> <span class='ocrx_word' id='word_1_165' title='bbox 829 1546 931 1609; x_wconf 87' lang='lat' dir='ltr'><strong>est,</strong></span> <span class='ocrx_word' id='word_1_166' title='bbox 985 1541 1125 1594; x_wconf 89' lang='lat' dir='ltr'><strong>unde</strong></span> <span class='ocrx_word' id='word_1_167' title='bbox 1179 1542 1351 1612; x_wconf 83' lang='lat' dir='ltr'><strong>frigus</strong></span> <span class='ocrx_word' id='word_1_168' title='bbox 1406 1542 1688 1611; x_wconf 84' lang='lat' dir='ltr'><strong>expulsum</strong></span> <span class='ocrx_word' id='word_1_169' title='bbox 1740 1545 1834 1595; x_wconf 90' lang='lat' dir='ltr'><strong>est.</strong></span> 
     </span>
     <span class='ocr_line' id='line_1_21' title="bbox 61 1617 1834 1688; baseline -0.001 -17"><span class='ocrx_word' id='word_1_170' title='bbox 61 1643 107 1677; x_wconf 70' lang='lat' dir='ltr'>n</span> <span class='ocrx_word' id='word_1_171' title='bbox 129 1618 255 1686; x_wconf 89' lang='lat' dir='ltr'><strong>hoc,</strong></span> <span class='ocrx_word' id='word_1_172' title='bbox 302 1619 447 1688; x_wconf 92' lang='lat' dir='ltr'><strong>quod</strong></span> <span class='ocrx_word' id='word_1_173' title='bbox 493 1619 613 1672; x_wconf 93' lang='lat' dir='ltr'><strong>dico</strong></span> <span class='ocrx_word' id='word_1_174' title='bbox 623 1660 636 1686; x_wconf 91' lang='lat'><strong>,</strong></span> <span class='ocrx_word' id='word_1_175' title='bbox 682 1635 866 1670; x_wconf 84' lang='lat' dir='ltr'><strong>verum</strong></span> <span class='ocrx_word' id='word_1_176' title='bbox 915 1634 1025 1670; x_wconf 79' lang='lat' dir='ltr'><strong>esse</strong></span> <span class='ocrx_word' id='word_1_177' title='bbox 1076 1622 1123 1670; x_wconf 80' lang='lat' dir='ltr'><strong>et</strong></span> <span class='ocrx_word' id='word_1_178' title='bbox 1175 1620 1462 1686; x_wconf 85' lang='lat' dir='ltr'><strong>utrumque</strong></span> <span class='ocrx_word' id='word_1_179' title='bbox 1518 1617 1574 1669; x_wconf 92' lang='lat' dir='ltr'><strong>in</strong></span> <span class='ocrx_word' id='word_1_180' title='bbox 1630 1620 1834 1670; x_wconf 87' lang='lat' dir='ltr'><strong>contra-</strong></span> 
     </span>
     <span class='ocr_line' id='line_1_22' title="bbox 127 1691 1887 1764; baseline -0.001 -18"><span class='ocrx_word' id='word_1_181' title='bbox 127 1694 267 1746; x_wconf 90' lang='lat' dir='ltr'><strong>rium</strong></span> <span class='ocrx_word' id='word_1_182' title='bbox 309 1695 397 1764; x_wconf 84' lang='lat' dir='ltr'><strong>agi</strong></span> <span class='ocrx_word' id='word_1_183' title='bbox 436 1712 502 1746; x_wconf 84' lang='lat' dir='ltr'><strong>ex</strong></span> <span class='ocrx_word' id='word_1_184' title='bbox 542 1693 644 1746; x_wconf 91' lang='lat' dir='ltr'><strong>hoc</strong></span> <span class='ocrx_word' id='word_1_185' title='bbox 683 1693 783 1745; x_wconf 90' lang='lat' dir='ltr'><strong>tibi</strong></span> <span class='ocrx_word' id='word_1_186' title='bbox 823 1695 1102 1761; x_wconf 86' lang='lat' dir='ltr'><strong>appareat:</strong></span> <span class='ocrx_word' id='word_1_187' title='bbox 1142 1691 1367 1744; x_wconf 91' lang='lat' dir='ltr'><strong>hiberno</strong></span> <span class='ocrx_word' id='word_1_188' title='bbox 1408 1695 1664 1760; x_wconf 86' lang='lat' dir='ltr'><strong>tempore,</strong></span> <span class='ocrx_word' id='word_1_189' title='bbox 1705 1709 1827 1744; x_wconf 90' lang='lat' dir='ltr'><strong>cum</strong></span> <span class='ocrx_word' id='word_1_190' title='bbox 1860 1704 1887 1744; x_wconf 83' lang='lat'><strong>3</strong></span> 
     </span>
     <span class='ocr_line' id='line_1_23' title="bbox 129 1767 1829 1838; baseline -0.002 -17"><span class='ocrx_word' id='word_1_191' title='bbox 129 1786 291 1837; x_wconf 86' lang='lat' dir='ltr'><strong>supra</strong></span> <span class='ocrx_word' id='word_1_192' title='bbox 330 1772 525 1821; x_wconf 87' lang='lat' dir='ltr'><strong>terram</strong></span> <span class='ocrx_word' id='word_1_193' title='bbox 566 1768 738 1838; x_wconf 85' lang='lat' dir='ltr'><strong>frigus</strong></span> <span class='ocrx_word' id='word_1_194' title='bbox 771 1770 867 1834; x_wconf 89' lang='lat' dir='ltr'><strong>est,</strong></span> <span class='ocrx_word' id='word_1_195' title='bbox 907 1767 1084 1819; x_wconf 90' lang='lat' dir='ltr'><strong>calent</strong></span> <span class='ocrx_word' id='word_1_196' title='bbox 1114 1767 1264 1834; x_wconf 91' lang='lat' dir='ltr'><strong>putei</strong></span> <span class='ocrx_word' id='word_1_197' title='bbox 1297 1784 1395 1818; x_wconf 91' lang='lat' dir='ltr'><strong>nec</strong></span> <span class='ocrx_word' id='word_1_198' title='bbox 1427 1767 1604 1818; x_wconf 89' lang='lat' dir='ltr'><strong>minus</strong></span> <span class='ocrx_word' id='word_1_199' title='bbox 1639 1783 1829 1834; x_wconf 82' lang='lat' dir='ltr'><strong>specus</strong></span> 
     </span>
     <span class='ocr_line' id='line_1_24' title="bbox 128 1841 1832 1911; baseline -0.002 -16"><span class='ocrx_word' id='word_1_200' title='bbox 128 1847 292 1911; x_wconf 84' lang='lat' dir='ltr'><strong>atque</strong></span> <span class='ocrx_word' id='word_1_201' title='bbox 332 1861 517 1895; x_wconf 88' lang='lat' dir='ltr'><strong>omnes</strong></span> <span class='ocrx_word' id='word_1_202' title='bbox 558 1842 657 1895; x_wconf 90' lang='lat' dir='ltr'><strong>sub</strong></span> <span class='ocrx_word' id='word_1_203' title='bbox 698 1846 839 1895; x_wconf 89' lang='lat' dir='ltr'><strong>terra</strong></span> <span class='ocrx_word' id='word_1_204' title='bbox 869 1859 1126 1908; x_wconf 82' lang='lat' dir='ltr'><strong>recessus,</strong></span> <span class='ocrx_word' id='word_1_205' title='bbox 1158 1841 1284 1909; x_wconf 87' lang='lat' dir='ltr'><strong>quia</strong></span> <span class='ocrx_word' id='word_1_206' title='bbox 1317 1841 1410 1893; x_wconf 90' lang='lat' dir='ltr'><strong>illo</strong></span> <span class='ocrx_word' id='word_1_207' title='bbox 1445 1859 1499 1893; x_wconf 90' lang='lat' dir='ltr'><strong>se</strong></span> <span class='ocrx_word' id='word_1_208' title='bbox 1533 1841 1679 1893; x_wconf 82' lang='lat' dir='ltr'><strong>calor</strong></span> <span class='ocrx_word' id='word_1_209' title='bbox 1710 1858 1832 1893; x_wconf 91' lang='lat' dir='ltr'><strong>con-</strong></span> 
     </span>
     <span class='ocr_line' id='line_1_25' title="bbox 128 1914 1834 1987; baseline -0.001 -17"><span class='ocrx_word' id='word_1_210' title='bbox 128 1917 255 1970; x_wconf 87' lang='lat' dir='ltr'><strong>tulit</strong></span> <span class='ocrx_word' id='word_1_211' title='bbox 294 1917 570 1987; x_wconf 86' lang='lat' dir='ltr'><strong>superiora</strong></span> <span class='ocrx_word' id='word_1_212' title='bbox 610 1915 909 1986; x_wconf 87' lang='lat' dir='ltr'><strong>possidenti</strong></span> <span class='ocrx_word' id='word_1_213' title='bbox 957 1915 1148 1986; x_wconf 85' lang='lat' dir='ltr'><strong>frigori</strong></span> <span class='ocrx_word' id='word_1_214' title='bbox 1188 1915 1400 1983; x_wconf 85' lang='lat' dir='ltr'><strong>cedens3</strong></span> <span class='ocrx_word' id='word_1_215' title='bbox 1450 1914 1566 1983; x_wconf 90' lang='lat' dir='ltr'><strong>qui,</strong></span> <span class='ocrx_word' id='word_1_216' title='bbox 1614 1933 1736 1968; x_wconf 90' lang='lat' dir='ltr'><strong>cum</strong></span> <span class='ocrx_word' id='word_1_217' title='bbox 1776 1915 1834 1968; x_wconf 90' lang='lat' dir='ltr'><strong>in</strong></span> 
     </span>
     <span class='ocr_line' id='line_1_26' title="bbox 59 1990 1833 2062; baseline -0.004 -13"><span class='ocrx_word' id='word_1_218' title='bbox 59 2014 104 2049; x_wconf 68' lang='grc' dir='ltr'><strong>ιι</strong></span> <span class='ocrx_word' id='word_1_219' title='bbox 129 1991 382 2044; x_wconf 83' lang='lat' dir='ltr'><strong>inferiora</strong></span> <span class='ocrx_word' id='word_1_220' title='bbox 428 1993 673 2062; x_wconf 81' lang='lat' dir='ltr'><strong>pervenit</strong></span> <span class='ocrx_word' id='word_1_221' title='bbox 719 1994 773 2044; x_wconf 91' lang='lat' dir='ltr'><strong>et</strong></span> <span class='ocrx_word' id='word_1_222' title='bbox 818 2008 881 2044; x_wconf 90' lang='lat' dir='ltr'><strong>eo</strong></span> <span class='ocrx_word' id='word_1_223' title='bbox 923 2008 977 2043; x_wconf 89' lang='lat' dir='ltr'><strong>se</strong></span> <span class='ocrx_word' id='word_1_224' title='bbox 1026 1993 1287 2059; x_wconf 88' lang='lat' dir='ltr'><strong>quantum</strong></span> <span class='ocrx_word' id='word_1_225' title='bbox 1334 1993 1546 2058; x_wconf 86' lang='lat' dir='ltr'><strong>poterat</strong></span> <span class='ocrx_word' id='word_1_226' title='bbox 1593 1990 1833 2060; x_wconf 81' lang='lat' dir='ltr'><strong>ingessit,</strong></span> 
     </span>
    </p>
   </div>
   <div class='ocr_carea' id='block_1_3' title="bbox 124 2122 1832 2240">
    <p class='ocr_par' dir='ltr' id='par_1_3' title="bbox 124 2122 1832 2240">
     <span class='ocr_line' id='line_1_27' title="bbox 246 2122 1832 2181; baseline 0 -14"><span class='ocrx_word' id='word_1_227' title='bbox 246 2127 353 2181; x_wconf 69' lang='lat'><strong>4⁸4.</strong></span> <span class='ocrx_word' id='word_1_228' title='bbox 381 2125 523 2170; x_wconf 75' lang='lat' dir='ltr'><strong>Arist.</strong></span> <span class='ocrx_word' id='word_1_229' title='bbox 557 2124 613 2178; x_wconf 73' lang='lat' dir='ltr'><strong>cs,</strong></span> <span class='ocrx_word' id='word_1_230' title='bbox 645 2124 832 2168; x_wconf 78' lang='lat' dir='ltr'><strong>Meteor.</strong></span> <span class='ocrx_word' id='word_1_231' title='bbox 857 2123 921 2166; x_wconf 90' lang='lat' dir='ltr'><strong>II</strong></span> <span class='ocrx_word' id='word_1_232' title='bbox 941 2125 968 2166; x_wconf 89' lang='lat'><em>7</em></span> <span class='ocrx_word' id='word_1_233' title='bbox 995 2137 1043 2178; x_wconf 82' lang='lat' dir='ltr'><strong>p.</strong></span> <span class='ocrx_word' id='word_1_234' title='bbox 1063 2125 1155 2167; x_wconf 91' lang='lat'><strong>365</strong></span> <span class='ocrx_word' id='word_1_235' title='bbox 1187 2137 1218 2166; x_wconf 90' lang='lat' dir='ltr'><strong>a</strong></span> <span class='ocrx_word' id='word_1_236' title='bbox 1243 2126 1299 2166; x_wconf 80' lang='lat'><strong>14</strong></span> <span class='ocrx_word' id='word_1_237' title='bbox 1314 2136 1406 2179; x_wconf 80' lang='lat' dir='ltr'><strong>sqq.</strong></span> <span class='ocrx_word' id='word_1_238' title='bbox 1440 2122 1661 2178; x_wconf 79' lang='lat' dir='ltr'><strong>Theophr.</strong></span> <span class='ocrx_word' id='word_1_239' title='bbox 1694 2122 1753 2178; x_wconf 79' lang='lat' dir='ltr'><strong>cf.</strong></span> <span class='ocrx_word' id='word_1_240' title='bbox 1778 2122 1832 2167; x_wconf 83' lang='lat' dir='ltr'><strong>de</strong></span> 
     </span>
     <span class='ocr_line' id='line_1_28' title="bbox 124 2182 1392 2240; baseline -0.002 -12"><span class='ocrx_word' id='word_1_241' title='bbox 124 2185 270 2228; x_wconf 72' lang='lat' dir='ltr'><strong>ventis</strong></span> <span class='ocrx_word' id='word_1_242' title='bbox 299 2186 484 2228; x_wconf 79' lang='lat'><em>22—24</em></span> <span class='ocrx_word' id='word_1_243' title='bbox 523 2186 538 2240; x_wconf 81' lang='grc' dir='ltr'><strong>ΙΙ</strong></span> <span class='ocrx_word' id='word_1_244' title='bbox 576 2187 628 2226; x_wconf 89' lang='grc'><strong>14</strong></span> <span class='ocrx_word' id='word_1_245' title='bbox 660 2183 838 2227; x_wconf 81' lang='lat' dir='ltr'><strong>Strato:</strong></span> <span class='ocrx_word' id='word_1_246' title='bbox 867 2183 926 2236; x_wconf 76' lang='lat' dir='ltr'><strong>cs.</strong></span> <span class='ocrx_word' id='word_1_247' title='bbox 960 2182 1106 2226; x_wconf 84' lang='lat' dir='ltr'><strong>Zeller</strong></span> <span class='ocrx_word' id='word_1_248' title='bbox 1140 2182 1203 2226; x_wconf 88' lang='lat' dir='ltr'><strong>II</strong></span> <span class='ocrx_word' id='word_1_249' title='bbox 1218 2185 1262 2236; x_wconf 81' lang='lat'><strong>2,</strong></span> <span class='ocrx_word' id='word_1_250' title='bbox 1290 2185 1392 2226; x_wconf 88' lang='lat'><strong><em>907.</em></strong></span> 
     </span>
    </p>
   </div>
   <div class='ocr_carea' id='block_1_4' title="bbox 125 2299 1831 2956">
    <p class='ocr_par' dir='ltr' id='par_1_4' title="bbox 125 2299 1831 2956">
     <span class='ocr_line' id='line_1_29' title="bbox 246 2299 1830 2359; baseline -0.003 -13"><span class='ocrx_word' id='word_1_251' title='bbox 246 2308 268 2346; x_wconf 91' lang='lat'>1</span> <span class='ocrx_word' id='word_1_252' title='bbox 301 2302 348 2347; x_wconf 89' lang='lat' dir='ltr'><strong>et</strong></span> <span class='ocrx_word' id='word_1_253' title='bbox 400 2317 484 2348; x_wconf 83' lang='lat' dir='ltr'><strong>om.</strong></span> <span class='ocrx_word' id='word_1_254' title='bbox 512 2305 550 2347; x_wconf 81' lang='lat' dir='ltr'><strong>d·</strong></span> <span class='ocrx_word' id='word_1_255' title='bbox 585 2306 600 2358; x_wconf 74' lang='lat' dir='ltr'>ss</span> <span class='ocrx_word' id='word_1_256' title='bbox 637 2307 666 2346; x_wconf 82' lang='lat'>2</span> <span class='ocrx_word' id='word_1_257' title='bbox 698 2301 864 2357; x_wconf 85' lang='lat' dir='ltr'><strong>quidni</strong></span> <span class='ocrx_word' id='word_1_258' title='bbox 898 2302 1118 2359; x_wconf 63' lang='lat' dir='ltr'><strong>Fortun]</strong></span> <span class='ocrx_word' id='word_1_259' title='bbox 1160 2300 1275 2357; x_wconf 90' lang='lat' dir='ltr'><strong>quid</strong></span> <span class='ocrx_word' id='word_1_260' title='bbox 1318 2314 1428 2344; x_wconf 86' lang='lat' dir='ltr'><strong>nam</strong></span> <span class='ocrx_word' id='word_1_261' title='bbox 1465 2302 1517 2344; x_wconf 85' lang='grc' dir='ltr'><strong><em>Φ</em></strong></span> <span class='ocrx_word' id='word_1_262' title='bbox 1563 2299 1678 2356; x_wconf 89' lang='lat' dir='ltr'><strong>quid</strong></span> <span class='ocrx_word' id='word_1_263' title='bbox 1720 2299 1830 2343; x_wconf 90' lang='lat' dir='ltr'><strong>inde</strong></span> 
     </span>
     <span class='ocr_line' id='line_1_30' title="bbox 126 2359 1831 2421; baseline -0.002 -13"><span class='ocrx_word' id='word_1_264' title='bbox 126 2363 166 2408; x_wconf 71' lang='lat' dir='ltr'><strong>d</strong></span> <span class='ocrx_word' id='word_1_265' title='bbox 194 2367 211 2420; x_wconf 89' lang='grc' dir='ltr'>Ι</span> <span class='ocrx_word' id='word_1_266' title='bbox 242 2367 268 2407; x_wconf 77' lang='grc'><strong>8</strong></span> <span class='ocrx_word' id='word_1_267' title='bbox 300 2362 348 2407; x_wconf 88' lang='lat' dir='ltr'><strong>in</strong></span> <span class='ocrx_word' id='word_1_268' title='bbox 372 2365 518 2421; x_wconf 84' lang='lat' dir='ltr'><strong>erum]</strong></span> <span class='ocrx_word' id='word_1_269' title='bbox 555 2362 790 2406; x_wconf 79' lang='lat' dir='ltr'><strong>infernum</strong></span> <span class='ocrx_word' id='word_1_270' title='bbox 821 2361 956 2418; x_wconf 73' lang='lat' dir='ltr'>(A¹?)</span> <span class='ocrx_word' id='word_1_271' title='bbox 988 2364 1022 2404; x_wconf 83' lang='lat' dir='ltr'>B</span> <span class='ocrx_word' id='word_1_272' title='bbox 1046 2364 1112 2418; x_wconf 58' lang='lat'><strong>{14</strong></span> <span class='ocrx_word' id='word_1_273' title='bbox 1145 2359 1435 2405; x_wconf 85' lang='lat' dir='ltr'><strong>aristotelem</strong></span> <span class='ocrx_word' id='word_1_274' title='bbox 1466 2359 1562 2418; x_wconf 74' lang='lat'><strong>62]</strong></span> <span class='ocrx_word' id='word_1_275' title='bbox 1597 2359 1748 2404; x_wconf 86' lang='lat' dir='ltr'><strong>-tilem</strong></span> <span class='ocrx_word' id='word_1_276' title='bbox 1778 2361 1831 2404; x_wconf 87' lang='grc' dir='ltr'><strong><em>Φ</em></strong></span> 
     </span>
     <span class='ocr_line' id='line_1_31' title="bbox 125 2419 1824 2479; baseline -0.002 -12"><span class='ocrx_word' id='word_1_277' title='bbox 125 2435 297 2479; x_wconf 69' lang='lat' dir='ltr'><strong>semper</strong></span> <span class='ocrx_word' id='word_1_278' title='bbox 324 2426 339 2478; x_wconf 73' lang='grc'><strong>11</strong></span> <span class='ocrx_word' id='word_1_279' title='bbox 375 2427 401 2466; x_wconf 73' lang='lat'>5</span> <span class='ocrx_word' id='word_1_280' title='bbox 433 2423 743 2468; x_wconf 83' lang='lat' dir='ltr'><strong>theofrastum</strong></span> <span class='ocrx_word' id='word_1_281' title='bbox 776 2422 811 2466; x_wconf 81' lang='grc' dir='ltr'><strong><em>λ</em></strong></span> <span class='ocrx_word' id='word_1_282' title='bbox 842 2424 857 2478; x_wconf 83' lang='grc' dir='ltr'><strong>ΙΙ</strong></span> <span class='ocrx_word' id='word_1_283' title='bbox 888 2425 914 2464; x_wconf 80' lang='grc'><strong>8</strong></span> <span class='ocrx_word' id='word_1_284' title='bbox 948 2423 1020 2465; x_wconf 89' lang='lat' dir='ltr'><strong>est</strong></span> <span class='ocrx_word' id='word_1_285' title='bbox 1059 2420 1193 2464; x_wconf 79' lang='lat' dir='ltr'><strong>arida</strong></span> <span class='ocrx_word' id='word_1_286' title='bbox 1224 2421 1321 2465; x_wconf 83' lang='lat' dir='ltr'><strong>coll.</strong></span> <span class='ocrx_word' id='word_1_287' title='bbox 1348 2421 1386 2465; x_wconf 77' lang='grc' dir='ltr'><em>δ</em></span> <span class='ocrx_word' id='word_1_288' title='bbox 1416 2421 1431 2476; x_wconf 84' lang='grc' dir='ltr'><strong>ΙΙ</strong></span> <span class='ocrx_word' id='word_1_289' title='bbox 1462 2424 1489 2462; x_wconf 84' lang='grc'>9</span> <span class='ocrx_word' id='word_1_290' title='bbox 1521 2419 1590 2477; x_wconf 91' lang='lat' dir='ltr'><strong>in]</strong></span> <span class='ocrx_word' id='word_1_291' title='bbox 1637 2434 1722 2463; x_wconf 88' lang='lat' dir='ltr'><strong>om.</strong></span> <span class='ocrx_word' id='word_1_292' title='bbox 1749 2420 1783 2463; x_wconf 79' lang='grc' dir='ltr'><strong><em>λ</em></strong></span> <span class='ocrx_word' id='word_1_293' title='bbox 1820 2421 1824 2474; x_wconf 93' lang='grc' dir='ltr'>Ι</span> 
     </span>
     <span class='ocr_line' id='line_1_32' title="bbox 125 2477 1825 2539; baseline -0.002 -14"><span class='ocrx_word' id='word_1_294' title='bbox 125 2485 431 2539; x_wconf 71' lang='lat' dir='ltr'><strong>quant—10</strong></span> <span class='ocrx_word' id='word_1_295' title='bbox 461 2481 619 2539; x_wconf 65' lang='lat' dir='ltr'><strong>alten}</strong></span> <span class='ocrx_word' id='word_1_296' title='bbox 652 2482 769 2526; x_wconf 83' lang='lat' dir='ltr'><strong>tant.</strong></span> <span class='ocrx_word' id='word_1_297' title='bbox 803 2480 932 2525; x_wconf 88' lang='lat' dir='ltr'><strong>elata</strong></span> <span class='ocrx_word' id='word_1_298' title='bbox 962 2483 1016 2524; x_wconf 90' lang='lat' dir='ltr'><strong>ut</strong></span> <span class='ocrx_word' id='word_1_299' title='bbox 1047 2479 1132 2524; x_wconf 91' lang='lat' dir='ltr'><strong>ult.</strong></span> <span class='ocrx_word' id='word_1_300' title='bbox 1165 2481 1203 2524; x_wconf 76' lang='grc' dir='ltr'><em>δ</em></span> <span class='ocrx_word' id='word_1_301' title='bbox 1225 2483 1241 2535; x_wconf 77' lang='grc' dir='ltr'>Η</span> <span class='ocrx_word' id='word_1_302' title='bbox 1265 2484 1310 2522; x_wconf 92' lang='grc'><strong>11</strong></span> <span class='ocrx_word' id='word_1_303' title='bbox 1341 2478 1506 2538; x_wconf 85' lang='lat' dir='ltr'><strong>habet]</strong></span> <span class='ocrx_word' id='word_1_304' title='bbox 1540 2477 1716 2523; x_wconf 82' lang='lat' dir='ltr'><strong>habeat</strong></span> <span class='ocrx_word' id='word_1_305' title='bbox 1747 2480 1785 2523; x_wconf 74' lang='grc' dir='ltr'><em>δ</em></span> <span class='ocrx_word' id='word_1_306' title='bbox 1820 2480 1825 2534; x_wconf 88' lang='grc' dir='ltr'>Ι</span> 
     </span>
     <span class='ocr_line' id='line_1_33' title="bbox 128 2538 1830 2600; baseline -0.002 -15"><span class='ocrx_word' id='word_1_307' title='bbox 128 2542 290 2600; x_wconf 67' lang='lat' dir='ltr'><strong>atque]</strong></span> <span class='ocrx_word' id='word_1_308' title='bbox 323 2554 378 2586; x_wconf 79' lang='lat' dir='ltr'><strong>ac</strong></span> <span class='ocrx_word' id='word_1_309' title='bbox 402 2543 441 2586; x_wconf 70' lang='grc' dir='ltr'><strong>ό·</strong></span> <span class='ocrx_word' id='word_1_310' title='bbox 472 2545 519 2585; x_wconf 85' lang='lat' dir='ltr'><strong>et</strong></span> <span class='ocrx_word' id='word_1_311' title='bbox 550 2546 591 2584; x_wconf 76' lang='grc' dir='ltr'><strong>Η</strong></span> <span class='ocrx_word' id='word_1_312' title='bbox 621 2545 635 2598; x_wconf 84' lang='grc' dir='ltr'><strong>ΙΙ</strong></span> <span class='ocrx_word' id='word_1_313' title='bbox 669 2545 719 2583; x_wconf 82' lang='grc'><strong>12</strong></span> <span class='ocrx_word' id='word_1_314' title='bbox 759 2539 1059 2599; x_wconf 82' lang='lat' dir='ltr'><strong>interclusus]</strong></span> <span class='ocrx_word' id='word_1_315' title='bbox 1100 2541 1172 2584; x_wconf 89' lang='lat' dir='ltr'><strong>est</strong></span> <span class='ocrx_word' id='word_1_316' title='bbox 1204 2540 1310 2585; x_wconf 80' lang='lat' dir='ltr'><strong>add.</strong></span> <span class='ocrx_word' id='word_1_317' title='bbox 1337 2541 1376 2584; x_wconf 75' lang='grc' dir='ltr'><em>δ</em></span> <span class='ocrx_word' id='word_1_318' title='bbox 1413 2540 1428 2596; x_wconf 74' lang='grc' dir='ltr'><strong>ΙΙ</strong></span> <span class='ocrx_word' id='word_1_319' title='bbox 1467 2543 1518 2581; x_wconf 89' lang='grc'><strong>14</strong></span> <span class='ocrx_word' id='word_1_320' title='bbox 1558 2538 1670 2596; x_wconf 77' lang='lat' dir='ltr'><strong>ciet]</strong></span> <span class='ocrx_word' id='word_1_321' title='bbox 1712 2538 1830 2582; x_wconf 88' lang='lat' dir='ltr'><strong>sciet</strong></span> 
     </span>
     <span class='ocr_line' id='line_1_34' title="bbox 126 2596 1829 2660; baseline -0.003 -15"><span class='ocrx_word' id='word_1_322' title='bbox 126 2601 201 2645; x_wconf 72' lang='lat'><strong>63</strong></span> <span class='ocrx_word' id='word_1_323' title='bbox 210 2600 310 2644; x_wconf 71' lang='lat'><strong>12⁸</strong></span> <span class='ocrx_word' id='word_1_324' title='bbox 337 2604 354 2657; x_wconf 76' lang='grc' dir='ltr'><strong>ΙΙ</strong></span> <span class='ocrx_word' id='word_1_325' title='bbox 383 2606 433 2645; x_wconf 73' lang='grc'><strong>15</strong></span> <span class='ocrx_word' id='word_1_326' title='bbox 475 2602 617 2660; x_wconf 84' lang='lat' dir='ltr'><strong>max.]</strong></span> <span class='ocrx_word' id='word_1_327' title='bbox 649 2613 820 2657; x_wconf 80' lang='lat' dir='ltr'><strong>magne</strong></span> <span class='ocrx_word' id='word_1_328' title='bbox 852 2601 890 2645; x_wconf 76' lang='grc' dir='ltr'><strong>δ’</strong></span> <span class='ocrx_word' id='word_1_329' title='bbox 920 2604 936 2658; x_wconf 80' lang='grc' dir='ltr'><strong>ΙΙ</strong></span> <span class='ocrx_word' id='word_1_330' title='bbox 966 2604 1017 2644; x_wconf 79' lang='grc'><strong>16</strong></span> <span class='ocrx_word' id='word_1_331' title='bbox 1050 2599 1141 2643; x_wconf 85' lang='lat' dir='ltr'><strong>fuit</strong></span> <span class='ocrx_word' id='word_1_332' title='bbox 1165 2598 1257 2655; x_wconf 89' lang='lat' dir='ltr'><strong>inq.</strong></span> <span class='ocrx_word' id='word_1_333' title='bbox 1285 2600 1382 2644; x_wconf 83' lang='lat' dir='ltr'><strong>coll.</strong></span> <span class='ocrx_word' id='word_1_334' title='bbox 1410 2600 1448 2643; x_wconf 77' lang='grc' dir='ltr'><em>δ</em></span> <span class='ocrx_word' id='word_1_335' title='bbox 1471 2602 1558 2654; x_wconf 74' lang='grc'><strong>1117</strong></span> <span class='ocrx_word' id='word_1_336' title='bbox 1593 2596 1829 2642; x_wconf 85' lang='lat' dir='ltr'><strong>contraria</strong></span> 
     </span>
     <span class='ocr_line' id='line_1_35' title="bbox 126 2656 1826 2729; baseline -0.002 -25"><span class='ocrx_word' id='word_1_337' title='bbox 126 2658 323 2729; x_wconf 70' lang='lat' dir='ltr'><strong>abeunt]</strong></span> <span class='ocrx_word' id='word_1_338' title='bbox 354 2661 639 2706; x_wconf 79' lang='lat' dir='ltr'><strong>contrarium</strong></span> <span class='ocrx_word' id='word_1_339' title='bbox 672 2660 744 2704; x_wconf 80' lang='lat' dir='ltr'><strong>ab.</strong></span> <span class='ocrx_word' id='word_1_340' title='bbox 778 2663 828 2705; x_wconf 90' lang='lat' dir='ltr'><strong>et</strong></span> <span class='ocrx_word' id='word_1_341' title='bbox 857 2661 896 2705; x_wconf 69' lang='lat' dir='ltr'><strong>d*</strong></span> <span class='ocrx_word' id='word_1_342' title='bbox 919 2663 934 2715; x_wconf 91' lang='grc' dir='ltr'><strong>ΙΙ</strong></span> <span class='ocrx_word' id='word_1_343' title='bbox 968 2663 1019 2703; x_wconf 78' lang='grc'><strong>18</strong></span> <span class='ocrx_word' id='word_1_344' title='bbox 1052 2658 1194 2704; x_wconf 81' lang='lat' dir='ltr'><strong>calidi</strong></span> <span class='ocrx_word' id='word_1_345' title='bbox 1230 2659 1329 2717; x_wconf 65' lang='lat' dir='ltr'><strong>Ga]</strong></span> <span class='ocrx_word' id='word_1_346' title='bbox 1372 2657 1528 2702; x_wconf 82' lang='lat' dir='ltr'><strong>calida</strong></span> <span class='ocrx_word' id='word_1_347' title='bbox 1555 2661 1561 2713; x_wconf 84' lang='grc' dir='ltr'>Ι</span> <span class='ocrx_word' id='word_1_348' title='bbox 1590 2656 1826 2715; x_wconf 86' lang='lat' dir='ltr'><strong>discessit]</strong></span> 
     </span>
     <span class='ocr_line' id='line_1_36' title="bbox 126 2716 1828 2778; baseline -0.001 -16"><span class='ocrx_word' id='word_1_349' title='bbox 126 2718 331 2764; x_wconf 76' lang='lat' dir='ltr'><strong>discedit</strong></span> <span class='ocrx_word' id='word_1_350' title='bbox 360 2721 399 2765; x_wconf 74' lang='grc' dir='ltr'><em>δ</em></span> <span class='ocrx_word' id='word_1_351' title='bbox 427 2723 444 2777; x_wconf 84' lang='grc' dir='ltr'>Ι</span> <span class='ocrx_word' id='word_1_352' title='bbox 473 2725 525 2764; x_wconf 76' lang='grc'><strong>19</strong></span> <span class='ocrx_word' id='word_1_353' title='bbox 558 2720 645 2778; x_wconf 69' lang='lat' dir='ltr'><strong>ibi!</strong></span> <span class='ocrx_word' id='word_1_354' title='bbox 679 2719 770 2763; x_wconf 81' lang='lat' dir='ltr'><strong>sibi</strong></span> <span class='ocrx_word' id='word_1_355' title='bbox 803 2718 860 2777; x_wconf 79' lang='lat'><strong>(?)</strong></span> <span class='ocrx_word' id='word_1_356' title='bbox 892 2720 927 2764; x_wconf 77' lang='grc' dir='ltr'><strong><em>λ</em></strong></span> <span class='ocrx_word' id='word_1_357' title='bbox 950 2722 966 2775; x_wconf 89' lang='grc' dir='ltr'><strong>ΙΙ</strong></span> <span class='ocrx_word' id='word_1_358' title='bbox 989 2723 1047 2763; x_wconf 82' lang='lat'><strong>20</strong></span> <span class='ocrx_word' id='word_1_359' title='bbox 1080 2732 1180 2763; x_wconf 86' lang='lat' dir='ltr'><strong>esse</strong></span> <span class='ocrx_word' id='word_1_360' title='bbox 1213 2721 1261 2763; x_wconf 90' lang='lat' dir='ltr'><strong>et</strong></span> <span class='ocrx_word' id='word_1_361' title='bbox 1294 2718 1472 2776; x_wconf 78' lang='lat' dir='ltr'><strong>Haase]</strong></span> <span class='ocrx_word' id='word_1_362' title='bbox 1505 2719 1577 2761; x_wconf 86' lang='lat' dir='ltr'><strong>est</strong></span> <span class='ocrx_word' id='word_1_363' title='bbox 1617 2716 1698 2760; x_wconf 84' lang='lat' dir='ltr'><strong>sed</strong></span> <span class='ocrx_word' id='word_1_364' title='bbox 1738 2718 1828 2774; x_wconf 81' lang='lat' dir='ltr'><strong>(set</strong></span> 
     </span>
     <span class='ocr_line' id='line_1_37' title="bbox 125 2777 1827 2838; baseline -0.001 -17"><span class='ocrx_word' id='word_1_365' title='bbox 125 2782 287 2823; x_wconf 68' lang='grc' dir='ltr'><strong>ΔῙΚΟ</strong></span> <span class='ocrx_word' id='word_1_366' title='bbox 319 2779 360 2824; x_wconf 76' lang='lat' dir='ltr'><strong>ni</strong></span> <span class='ocrx_word' id='word_1_367' title='bbox 389 2783 454 2836; x_wconf 73' lang='lat'><strong>1²),</strong></span> <span class='ocrx_word' id='word_1_368' title='bbox 485 2782 542 2835; x_wconf 77' lang='lat' dir='ltr'><strong>cf.</strong></span> <span class='ocrx_word' id='word_1_369' title='bbox 570 2796 619 2838; x_wconf 81' lang='lat' dir='ltr'><strong>p.</strong></span> <span class='ocrx_word' id='word_1_370' title='bbox 644 2783 812 2833; x_wconf 79' lang='lat'><strong>215,9,</strong></span> <span class='ocrx_word' id='word_1_371' title='bbox 845 2782 930 2832; x_wconf 84' lang='lat' dir='ltr'><strong>est,</strong></span> <span class='ocrx_word' id='word_1_372' title='bbox 964 2778 1146 2824; x_wconf 87' lang='lat' dir='ltr'><strong>scilieet</strong></span> <span class='ocrx_word' id='word_1_373' title='bbox 1170 2778 1336 2823; x_wconf 86' lang='lat' dir='ltr'><strong>Koeler</strong></span> <span class='ocrx_word' id='word_1_374' title='bbox 1362 2780 1368 2834; x_wconf 89' lang='grc' dir='ltr'>Ι</span> <span class='ocrx_word' id='word_1_375' title='bbox 1397 2777 1665 2835; x_wconf 84' lang='lat' dir='ltr'><strong>utrumque]</strong></span> <span class='ocrx_word' id='word_1_376' title='bbox 1698 2778 1827 2820; x_wconf 83' lang='lat' dir='ltr'><strong>utra-</strong></span> 
     </span>
     <span class='ocr_line' id='line_1_38' title="bbox 125 2837 1827 2956; baseline -0.003 -73"><span class='ocrx_word' id='word_1_377' title='bbox 125 2852 218 2942; x_wconf 59' lang='grc' dir='ltr'><strong>ῗῐιο</strong></span> <span class='ocrx_word' id='word_1_378' title='bbox 231 2840 290 2956; x_wconf 63' lang='grc' dir='ltr'><strong>ῙΦ</strong></span> <span class='ocrx_word' id='word_1_379' title='bbox 310 2842 327 2894; x_wconf 78' lang='grc' dir='ltr'>Ι</span> <span class='ocrx_word' id='word_1_380' title='bbox 349 2842 406 2883; x_wconf 74' lang='lat'><strong>28</strong></span> <span class='ocrx_word' id='word_1_381' title='bbox 430 2853 589 2884; x_wconf 82' lang='lat' dir='ltr'><strong>omnes</strong></span> <span class='ocrx_word' id='word_1_382' title='bbox 612 2839 834 2898; x_wconf 79' lang='lat' dir='ltr'><strong>praetuli]</strong></span> <span class='ocrx_word' id='word_1_383' title='bbox 855 2853 954 2883; x_wconf 83' lang='lat' dir='ltr'><strong>oms</strong></span> <span class='ocrx_word' id='word_1_384' title='bbox 980 2840 1097 2883; x_wconf 79' lang='lat' dir='ltr'><strong>trad.</strong></span> <span class='ocrx_word' id='word_1_385' title='bbox 1124 2837 1275 2883; x_wconf 85' lang='lat' dir='ltr'><strong>omnis</strong></span> <span class='ocrx_word' id='word_1_386' title='bbox 1299 2842 1375 2880; x_wconf 74' lang='grc' dir='ltr'><strong>ΕΤ</strong></span> <span class='ocrx_word' id='word_1_387' title='bbox 1399 2838 1534 2894; x_wconf 79' lang='lat' dir='ltr'><strong><em>vulyo</em></strong></span> <span class='ocrx_word' id='word_1_388' title='bbox 1557 2838 1572 2893; x_wconf 85' lang='grc' dir='ltr'><strong>ΙΙ</strong></span> <span class='ocrx_word' id='word_1_389' title='bbox 1595 2840 1652 2879; x_wconf 78' lang='grc'><strong>25</strong></span> <span class='ocrx_word' id='word_1_390' title='bbox 1677 2848 1827 2892; x_wconf 84' lang='lat' dir='ltr'><strong>quan-</strong></span> 
     </span>
     <span class='ocr_line' id='line_1_39' title="bbox 147 2900 440 2954; baseline 0.007 -13"><span class='ocrx_word' id='word_1_391' title='bbox 147 2913 224 2941; x_wconf 87' lang='lat' dir='ltr'><strong>um</strong></span> <span class='ocrx_word' id='word_1_392' title='bbox 279 2912 371 2954; x_wconf 84' lang='lat' dir='ltr'><strong>quo</strong></span> <span class='ocrx_word' id='word_1_393' title='bbox 403 2900 440 2943; x_wconf 79' lang='grc' dir='ltr'><em>ό</em></span> 
     </span>
    </p>
   </div>
   <div class='ocr_carea' id='block_1_5' title="bbox 215 2974 1553 3019">
    <p class='ocr_par' dir='ltr' id='par_1_5' title="bbox 215 2974 1553 3019">
     <span class='ocr_line' id='line_1_40' title="bbox 215 2974 1553 3019; baseline -0.001 -5"><span class='ocrx_word' id='word_1_394' title='bbox 215 2981 399 3015; x_wconf 72' lang='lat' dir='ltr'>ennon</span> <span class='ocrx_word' id='word_1_395' title='bbox 423 2989 625 3015; x_wconf 71' lang='grc' dir='ltr'><strong>ιΑτυιΛι.</strong></span> <span class='ocrx_word' id='word_1_396' title='bbox 650 2990 818 3019; x_wconf 71' lang='grc' dir='ltr'><strong>οσΑιιτ.</strong></span> <span class='ocrx_word' id='word_1_397' title='bbox 843 2981 902 3014; x_wconf 82' lang='lat' dir='ltr'><strong>ed.</strong></span> <span class='ocrx_word' id='word_1_398' title='bbox 929 2980 1123 3014; x_wconf 67' lang='lat' dir='ltr'><strong>Gon-eka.</strong></span> <span class='ocrx_word' id='word_1_399' title='bbox 1501 2974 1553 3013; x_wconf 81' lang='lat'><strong>14</strong></span> 
     </span>
    </p>
   </div>
  </div>
 </body>
</html>
