1988 3138
136 961 177 988 1⁰

137 1330 175 1360 15

573 138 798 184 NATUR.
833 139 1084 194 QUAEST.
1118 141 1227 185 ΠΒ.
1262 141 1338 186 ΠΙ.
1373 145 1533 186 7—10.
1801 141 1901 194 101

315 263 363 316 8.
416 262 644 326 Quidam
695 263 1028 331 existimant,
1069 263 1520 332 quemadmodum
1561 265 1617 316 in
1657 265 1909 317 exteriori

201 343 352 407 parte
392 342 650 391 terrarum
684 340 864 389 vastae
895 337 1118 406 paludes
1152 339 1328 391 iacent
1359 339 1648 407 magnique
1680 341 1734 392 et
1764 340 1909 391 navi-

202 412 406 483 gabiles
445 413 610 479 138118,
649 411 1100 480 quemadmodum
1134 413 1341 483 ingenti
1373 413 1548 482 spatio
1580 414 1750 466 maria
1787 432 1909 482 por-

200 491 347 539 recta
397 491 522 539 sunt
571 486 749 538 infusa
788 486 1018 538 vallibus
1027 529 1041 554 ,
1094 488 1171 540 sic
1218 488 1473 540 interiora
1520 491 1782 541 terrarum
1821 489 1910 541 ab·

202 561 402 614 undare
441 561 595 629 aquis
635 560 881 614 dulcibus
921 579 1019 614 nec
1067 562 1244 614 minus
1294 563 1413 614 illas
1462 566 1708 633 stagnare
1749 581 1910 631 quam

202 636 344 704 apud
381 653 482 688 nos
522 653 780 688 oceanum
822 639 875 687 et
915 636 1063 688 sinus
1103 637 1239 705 81118,
1281 637 1447 689 immo
1488 655 1550 689 eo
1590 637 1766 705 latius,
1808 655 1910 706 quo

201 711 324 778 plus
364 714 504 762 terra
544 711 600 761 in
639 709 807 761 altum
848 713 1008 778 patet.
1074 728 1202 780 ergo
1235 730 1299 763 ex
1332 712 1426 763 illa
1456 712 1724 780 profunda
1757 713 1912 782 copia

203 786 293 837 isti
333 803 515 837 amnes
555 787 865 854 egeruntur:
921 803 1056 852 quos
1098 786 1227 854 quid
1277 787 1510 851 miraris,
1561 786 1606 838 si
1646 790 1787 839 terra
1827 786 1911 839 de-

203 863 404 912 tractos
441 877 554 912 non
594 859 770 926 sentit,
822 877 945 912 cum
996 860 1232 913 adiectos
1284 861 1455 913 maria
1492 879 1604 913 non
1644 861 1911 914 sentiant?

315 934 361 986 9.
419 931 798 1002 Quibus[dam]
856 933 988 986 haec
1042 935 1220 1003 placet
1274 954 1454 1004 causa,
1510 936 1662 987 aiunt
1715 935 1910 988 habere
1947 949 1967 986 1

201 1013 395 1061 terram
439 1009 580 1060 intra
620 1027 674 1060 se
713 1026 953 1060 recessus
994 1027 1152 1062 cavos
1194 1013 1247 1062 et
1278 1011 1510 1062 multum
1545 1011 1781 1079 spiritus,
1819 1011 1912 1078 qui

200 1084 502 1136 necessario
541 1083 784 1153 frigescit
823 1083 1016 1135 umbra
1055 1085 1205 1154 gravi
1243 1103 1483 1153 preSSUS,
1530 1084 1720 1137 deinde
1758 1085 1913 1155 piger

203 1163 258 1210 et
289 1159 544 1210 immotus
578 1159 635 1209 in
667 1175 877 1226 aquam,
919 1176 1040 1211 cum
1082 1177 1136 1211 se
1171 1159 1328 1211 desiit
1366 1159 1520 1227 ferre,
1561 1160 1911 1212 convertitur:

202 1232 653 1301 quemadmodum
708 1251 870 1300 supra
916 1251 1016 1285 nos
1055 1235 1283 1286 mutatio
1325 1235 1460 1286 aeris
1502 1235 1728 1287 imbrem
1767 1235 1912 1303 facit,
1945 1248 1970 1285 ‘2

203 1308 278 1359 ita
308 1307 448 1359 infra
479 1311 647 1359 terras
678 1307 877 1359 fiumen
921 1311 1014 1360 aut
1043 1309 1242 1378 rivum3
1276 1327 1438 1378 supra
1468 1327 1568 1362 nos
1591 1327 1702 1361 non
1733 1312 1912 1378 potest

203 1386 342 1434 stare
383 1383 562 1451 segnis
603 1381 694 1433 diu
735 1386 788 1433 et
828 1383 1006 1452 gravis
1046 1380 1360 1454 (aliquando
1394 1385 1537 1436 enim
1579 1385 1690 1437 sole
1730 1387 1913 1437 tenua-

203 1461 306 1524 tur,
332 1456 619 1525 aliquando
645 1457 818 1508 ventis
845 1457 1180 1527 expanditur,
1205 1459 1386 1527 itaque
1412 1459 1693 1511 intervalla
1717 1460 1915 1529 inagna

204 1531 465 1583 imbribus
499 1529 663 1601 sunt),
700 1531 799 1582 sub
832 1535 973 1584 terra
1004 1550 1129 1585 vero
1163 1533 1420 1602 quicquid
1453 1537 1547 1601 est,
1581 1533 1726 1602 quod
1758 1534 1911 1586 illum

204 1607 258 1657 in
300 1625 493 1675 aquam
534 1610 826 1673 convertat,
866 1606 1006 1658 idem
1042 1625 1251 1676 semper
1283 1611 1378 1676 est,
1417 1608 1608 1660 umbra
1638 1612 1912 1677 perpetua,

135 1704 180 1734 κο
203 1681 375 1751 frigus
431 1685 729 1748 aeternum,
793 1682 1143 1735 inexercitata
1196 1682 1453 1735 densitas:
1518 1701 1729 1752 semper
1783 1701 1910 1754 ergo

201 1755 480 1824 praebebit
529 1756 668 1808 fonti
716 1759 808 1807 aut
846 1755 1057 1808 flumini
1099 1775 1298 1810 causas.
1380 1758 1576 1826 ‘placet
1613 1757 1769 1811 nobis
1810 1761 1911 1810 ter·
1946 1769 1971 1808 3

200 1849 315 1882 ram
369 1848 483 1882 esse
524 1830 873 1882 mutabilem.'
954 1831 1086 1883 haec
1127 1849 1341 1900 quoque
1394 1833 1652 1902 quicquid
1691 1832 1913 1900 efflavit,

203 1905 330 1973 quia
366 1922 477 1957 non
516 1905 685 1957 libero
727 1909 846 1957 aere
888 1907 1207 1975 concipitur,
1256 1907 1535 1960 crassescit
1573 1907 1820 1976 protinus
1860 1911 1914 1960 et

206 1980 259 2032 in
305 1997 548 2032 umorem
598 1980 949 2033 convertitur:
1005 1980 1170 2033 habes
1218 1982 1448 2050 primam
1501 2000 1761 2051 aquarum
1813 1982 1911 2035 sub

136 2076 179 2106 25
204 2060 345 2106 terra
383 2055 718 2107 nascentium
760 2073 990 2108 causam.

321 2128 402 2180 10.
455 2128 673 2182 Adicias
722 2129 881 2182 etiam
923 2130 1071 2198 licet,
1111 2131 1256 2199 quod
1295 2131 1434 2183 fiunt
1474 2131 1655 2184 omnia
1694 2150 1759 2184 ex
1800 2150 1911 2185 om-
1946 2146 1968 2185 1

202 2203 387 2271 nibus,
434 2222 499 2256 ex
547 2221 686 2273 aqua
732 2208 836 2272 aer,
883 2223 948 2257 ex
996 2209 1113 2258 aere
1162 2224 1322 2274 aqua,
1371 2206 1511 2277 ignis
1552 2225 1617 2259 ex
1658 2211 1798 2275 aere,
1847 2225 1911 2259 ex

206 2279 329 2347 igne
369 2283 479 2330 aer:
520 2297 683 2346 quare
723 2297 851 2349 ergo
891 2297 1001 2331 non
1041 2299 1105 2332 ex
1146 2283 1288 2332 terra
1327 2281 1422 2333 fiat
1454 2281 1628 2350 aqua?
1690 2299 1825 2349 quae
1867 2283 1912 2333 si

325 2488 346 2526 1
380 2485 620 2544 exteriori]
661 2499 759 2529 -ore
793 2488 832 2529 Δ
880 2487 895 2542 ss
941 2492 969 2529 2
1003 2488 1069 2545 et]
1110 2502 1194 2531 (me.
1228 2488 1313 2531 Δλ
1361 2490 1375 2544 Ι]
1423 2496 1450 2531 6
1483 2501 1736 2532 088831111111
1770 2489 1910 2546 trad]

205 2559 288 2587 ωη.
323 2546 361 2588 ό
395 2547 402 2599 Ι
438 2558 530 2599 quo
563 2546 661 2604 ΔΤ]
695 2545 808 2601 quia
840 2547 948 2590 ΔΦ
979 2547 1105 2603 quod
1138 2551 1172 2589 Ε
1213 2548 1227 2603 Ι]
1267 2552 1292 2590 ’1
1327 2548 1473 2606 terra]
1506 2561 1589 2592 om.
1623 2549 1662 2593 δ
1693 2549 1708 2605 Η
1746 2552 1774 2590 9
1806 2560 1911 2591 8811-

206 2603 311 2660 1131]
365 2618 470 2647 811111
520 2604 745 2649 aduectos
793 2606 900 2649 add.
943 2609 982 2650 Δ
1039 2608 1054 2663 Η
1107 2611 1159 2649 10
1209 2606 1380 2662 quibus
1424 2607 1524 2665 Ga]
1573 2607 1858 2663 quibusdam
1895 2609 1911 2664 Ι]

204 2668 249 2705 n
281 2663 407 2707 intra
440 2666 509 2722 se]
546 2664 669 2707 inter
701 2665 739 2708 δ
749 2667 807 2720 (Δ
826 2667 862 2722 ?)
906 2667 911 2722 Ι
956 2679 1097 2710 831108
1130 2679 1339 2710 recessus
1371 2667 1468 2711 coll.
1503 2669 1588 2711 AL
1623 2669 1629 2724 Ι
1665 2668 1731 2725 et]
1765 2667 1911 2711 etiam

206 2725 245 2766 A
285 2725 300 2778 ΙΙ
338 2727 389 2767 13
423 2738 472 2767 se
504 2731 543 2768 et
576 2723 716 2783 ferre]
749 2739 832 2768 om.
867 2728 907 2769 Δ
953 2727 967 2781 l]
1010 2730 1059 2768 15
1093 2726 1263 2770 flumen
1298 2729 1382 2770 aut
1412 2728 1469 2785 r]
1501 2727 1656 2770 riuum
1690 2727 1792 2784 agit
1823 2730 1863 2770 Δ
1900 2729 1907 2783 Ι

206 2787 329 2825 stare
362 2797 454 2826 non
494 2787 653 2840 potest
682 2784 780 2829 coll.
815 2787 854 2828 A
904 2787 918 2841 ΙΙ
964 2789 1016 2829 21
1047 2785 1314 2844 praebebit]
1354 2800 1412 2831 sc.
1447 2783 1563 2831 idem
1607 2789 1613 2843 Ι
1657 2788 1754 2843 aut]
1792 2800 1845 2830 ac
1877 2800 1910 2844 ρ

206 2846 253 2884 et
284 2846 320 2884 Ε
355 2846 363 2899 Ι
398 2844 584 2901 causas]
618 2856 809 2887 causam
840 2846 879 2889 δ
921 2847 936 2902 ΙΙ
977 2849 1035 2888 23
1069 2845 1202 2903 quia]
1239 2845 1429 2902 quando
1460 2847 1538 2890 Ἑλ
1575 2846 1580 2905 Ι
1617 2848 1665 2889 et
1695 2845 1910 2902 protinus

205 2901 302 2945 coll.
336 2904 377 2945 A
410 2904 425 2958 ΙΙ
455 2906 512 2945 28
546 2905 622 2961 ex]
655 2917 680 2946 8
712 2904 795 2961 ρδ
827 2906 956 2962 (ergo
989 2919 1047 2948 ne
1080 2908 1170 2959 ng
1208 2907 1214 2961 Ι
1250 2913 1403 2961 aqua?
1450 2918 1572 2961 quae
1605 2905 1664 2963 si]
1699 2919 1752 2947 ex
1787 2918 1911 2960 aqua

205 2960 340 3017 quasi
372 2963 410 3006 <5
