1988 3138
229 93 341 146 264
410 156 432 159 ι
772 95 820 138 L.
854 95 1090 139 ANNAEI
1122 97 1395 141 SENECAE

227 215 457 267 tinentia
498 219 591 267 aut
630 235 737 268 me:
778 234 914 285 quae
953 236 1020 269 an
1061 237 1185 270 vera
1225 219 1346 286 sint,
1388 218 1461 270 dii
1503 221 1692 288 sciunt,
1734 222 1928 289 quibus

229 293 311 342 est
363 289 588 342 scientia
626 291 761 358 veri3
812 291 970 344 nobis
1022 293 1206 344 rimari
1258 292 1352 344 illa
1403 297 1455 346 et
1497 296 1801 347 coniectura
1851 297 1929 348 ire

230 365 288 416 in
329 363 538 416 occulta
576 368 788 417 tantum
827 365 955 418 licet
986 384 1085 419 nec
1118 385 1238 418 cum
1270 368 1466 420 fiducia
1498 369 1802 421 inveniendi
1832 389 1930 423 nec

231 439 344 490 sine
385 457 492 506 spe.

173 530 194 567 1
344 513 428 566 30.
482 513 715 584 Egregie
754 512 1152 567 Aristoteles
1200 516 1277 567 ait
1314 535 1608 584 numquam
1646 536 1746 569 nos
1785 537 1929 570 vere-
1976 541 1988 573 ε

234 588 512 640 cundiores
565 606 678 640 esse
730 588 934 657 debere,
987 607 1144 657 quam
1199 607 1317 642 cum
1360 590 1422 642 de
1463 591 1564 643 diis
1614 592 1805 662 agitur.
1884 594 1930 645 si

233 663 495 714 intramus
534 662 736 731 templa
777 663 1077 731 compositi,
1118 664 1163 715 si
1205 665 1270 716 ad
1310 665 1627 717 sacrificium
1667 668 1930 719 accessuri

231 737 442 789 vultum
476 736 861 806 submittimUS,
891 738 1008 806 <si>
1031 742 1214 808 togam
1249 739 1576 808 adducimUS,
1607 741 1652 791 si
1684 741 1739 792 in
1772 759 1928 793 omne

234 814 610 882 argumentum
665 812 957 864 modestiae
1011 813 1288 883 fingimur:
1345 818 1546 881 quanto
1601 814 1704 867 hoc
1757 817 1928 885 magis

233 886 405 938 facere
439 885 707 952 debemUS,
747 904 867 939 cum
907 887 969 938 de
1010 887 1271 940 sideribus
1305 887 1369 940 de
1409 887 1578 941 stellis
1611 889 1675 940 de
1709 889 1927 941 deorum
1960 912 1988 945 κ

233 965 425 1013 natura
458 961 806 1030 disputamus,
837 979 904 1013 ne
937 961 1067 1029 quid
1097 965 1297 1014 temere
1328 980 1395 1014 ne
1430 964 1558 1030 quid
1591 963 1930 1032 impudenter

174 1051 198 1088 2
234 1039 327 1088 aut
361 1035 669 1105 ignorantes
696 1035 1024 1088 affirmemus
1050 1039 1143 1087 aut
1167 1036 1393 1088 scientes
1418 1037 1777 1090 mentiamur?
1831 1057 1929 1091 nec

234 1111 489 1162 miremur
539 1112 651 1161 tam
702 1110 851 1161 tarde
891 1111 1018 1178 erui,
1071 1129 1205 1179 quae
1257 1116 1364 1163 tam
1407 1111 1514 1163 alte
1552 1113 1740 1164 iacent.
1818 1112 1928 1165 Pa-

232 1184 447 1236 naetio
501 1188 554 1235 et
604 1184 704 1250 his,
758 1185 850 1253 qui
902 1184 1069 1237 videri
1119 1185 1310 1237 volunt
1361 1189 1602 1238 cometen
1653 1204 1763 1239 non
1816 1205 1928 1239 esse

232 1259 558 1311 ordinarium
612 1258 757 1310 sidus
799 1258 889 1311 sed
939 1259 1127 1311 falsam
1171 1259 1356 1312 sideris
1396 1259 1604 1328 faciem,
1644 1261 1930 1330 diligenter
1954 1284 1988 1317 ιε

230 1333 568 1385 tractandum
626 1336 720 1395 est,
776 1352 841 1385 an
899 1351 1065 1401 aeque
1121 1335 1295 1386 omnis
1349 1353 1474 1403 pars
1529 1335 1655 1387 anni
1711 1336 1926 1388 edendis

232 1410 454 1461 cometis
495 1408 623 1459 satis
663 1411 789 1476 apta
830 1408 913 1475 sit,
953 1427 1021 1460 an
1061 1408 1233 1461 omnis
1275 1408 1406 1461 caeli
1445 1410 1594 1480 regio
1642 1409 1833 1462 idonea
1872 1411 1928 1462 in

232 1501 338 1551 qua
393 1485 657 1545 creentur,
712 1501 780 1534 an
836 1500 1170 1551 quacumque
1227 1484 1303 1534 ire
1358 1483 1434 1535 ibi
1495 1483 1655 1536 etiam
1719 1485 1928 1554 concipi

228 1556 455 1626 possint,
506 1560 560 1608 et
603 1560 798 1610 cetera:
840 1576 975 1625 quae
1025 1558 1272 1609 universa
1322 1557 1602 1627 tolluntur,
1643 1576 1762 1610 cum
1806 1559 1926 1612 dico

229 1631 353 1683 illos
407 1649 518 1683 non
571 1631 825 1683 fortuitos
878 1649 991 1684 esse
1047 1633 1220 1702 igneS,
1276 1633 1367 1685 sed
1421 1633 1656 1684 intextos
1711 1634 1928 1703 mund0‚
1951 1656 1988 1689 ει]

232 1724 365 1774 quos
427 1724 537 1758 non
597 1706 906 1774 frequenter
960 1706 1138 1758 educit
1193 1707 1283 1758 sed
1346 1708 1398 1759 in
1458 1707 1668 1761 occulto
1731 1711 1925 1760 movet.

171 1794 196 1832 3
230 1798 390 1848 quam
430 1780 600 1832 multa
639 1784 850 1848 praeter
888 1780 984 1832 hos
1024 1800 1121 1849 per
1160 1785 1420 1834 secretum
1462 1784 1591 1833 eunt
1630 1800 1926 1850 numquam

232 1854 479 1907 humanis
544 1855 711 1907 oculis
776 1855 1026 1907 orientia!
1117 1874 1291 1924 neque
1354 1856 1494 1908 enim
1556 1856 1735 1908 omnia
1797 1857 1926 1915 deus

230 1928 437 1981 homini
499 1929 836 1998 <pate>fecit.
934 1933 1099 1998 quota
1156 1949 1279 1998 pars
1339 1931 1512 1999 operis
1570 1931 1706 1982 tanti
1768 1930 1925 1983 nobis

232 2003 625 2056 committitur?
702 2004 832 2073 ipse,
880 2005 973 2072 qui
1014 2005 1116 2056 ista
1160 2007 1356 2057 tractat
1405 2006 1497 2073 qui
1545 2005 1784 2057 condidit
1833 2007 1925 2074 qui

352 2229 376 2266 5
410 2226 553 2269 Arist.
581 2226 966 2283 Pseudepiyraph.
991 2227 1052 2280 fr.
1078 2230 1134 2269 41
1161 2226 1218 2269 R.
1245 2227 1258 2282 Η
1282 2230 1332 2269 13
1362 2227 1582 2270 Panaetii
1609 2227 1668 2280 fr.
1696 2231 1753 2271 31
1777 2228 1921 2271 Fowl.

351 2437 375 2475 5
408 2433 678 2491 uerecund]
711 2433 1066 2476 uerecondiores
1098 2438 1168 2492 ρΖ
1201 2436 1214 2490 ΙΙ
1246 2440 1270 2477 ’1
1306 2435 1365 2492 si]
1398 2440 1502 2478 ante
1534 2435 1595 2477 ad
1626 2435 1707 2478 del.
1747 2435 1879 2480 Gertz
1910 2437 1925 2492 ΙΙ

232 2497 256 2534 8
291 2492 460 2550 subm]
493 2496 549 2546 ef.
577 2493 694 2536 Suet.
721 2494 840 2549 Auy.
864 2496 924 2536 79
960 2495 964 2549 ξ
1000 2493 1039 2535 si
1072 2498 1177 2538 ante
1214 2497 1375 2550 togam
1415 2495 1520 2538 add.
1551 2494 1628 2538 Ge.
1667 2497 1671 2548 Ι
1706 2495 1754 2537 in
1789 2508 1924 2538 omne

231 2552 1107 2669 argffiffitssmjfissmssffissgiffitss1⁶
1118 2554 1144 2668 ,θ’
1163 2552 1923 2671 1ssnst233231<3ss19f1⁹5²2⁴²³5351

230 2625 366 2714 Ἐῖαῗ
388 2675 431 2723 6,
458 2675 531 2725 18,
542 2624 579 2714 ¹2
614 2673 619 2727 Ι
647 2627 733 2728 ide]
767 2671 795 2714 i.
823 2627 861 2714 ἕ
889 2672 946 2714 de
971 2673 1064 2715 Leo
1094 2674 1099 2728 Ι
1128 2671 1337 2730 deorum]
1371 2648 1528 2715 eorum
1554 2677 1606 2725 E,
1634 2647 1751 2726 fo’rts
1774 2648 1923 2716 come-⁶

229 2732 381 2772 tarum
412 2730 488 2774 Ge.
515 2731 528 2785 Η
561 2735 605 2772 11
635 2730 833 2788 impud]
866 2730 1188 2786 imprudenter
1214 2734 1266 2775 Φ
1289 2733 1302 2788 ΙΙ
1327 2736 1378 2774 16
1402 2732 1924 2789 tractandumJtracta-
1978 2785 1982 2788 ⁵

229 2791 332 2832 tum
363 2791 401 2833 δ
437 2791 441 2846 l
478 2789 647 2847 omnis]
681 2804 764 2833 om.
798 2791 836 2834 δ
867 2792 881 2846 Η
913 2794 963 2832 19
996 2790 1121 2848 dico]
1153 2791 1209 2845 ef.
1242 2794 1363 2845 27‚6
1397 2793 1410 2847 ΙΙ
1441 2796 1500 2834 22
1532 2792 1692 2849 quam]
1726 2805 1924 2847 quorum

231 2850 269 2892 d
300 2850 313 2905 ΙΙ
345 2853 401 2891 23
434 2850 604 2906 neque]
645 2863 737 2892 non
770 2851 808 2893 δ
843 2853 848 2906 Ι
885 2850 1017 2906 deus]
1058 2856 1162 2893 ante
1202 2850 1358 2894 omnia
1389 2855 1462 2892 ΒΤ
1497 2856 1601 2906 post
1637 2850 1816 2893 homini
1848 2856 1877 2893 z
1908 2852 1923 2908 ΙΙ

231 2912 289 2951 24
320 2907 548 2964 patefecit
583 2908 682 2966 Ge]
714 2908 828 2951 fecit
860 2910 897 2952 δ
910 2911 961 2952 Φ
991 2911 1104 2952 nota
1136 2909 1250 2954 fecit
1280 2925 1313 2966 η
1345 2911 1359 2966 Ι]
1391 2914 1447 2953 25
1479 2909 1591 2968 ista]
1622 2910 1727 2966 ipsa
1759 2911 1839 2954 <513
