1988 3138
97 219 140 270 Δ

105 2181 158 2229 Φ

185 95 312 139 XXII
865 93 1208 138 PRAEFATIO

305 220 494 268 Iterum
531 220 663 267 idem
704 219 999 282 archetypus
1033 236 1062 268 a
1092 220 1332 268 monacho
1364 222 1650 282 recentiore,
1689 222 1885 270 saeculo

194 295 402 343 fortasse
441 294 513 341 XI
551 294 631 342 vel
668 294 714 340 X
753 297 981 354 exeunte,
1040 294 1313 356 descriptus
1362 297 1436 342 est
1475 288 1638 361 (stud.
1671 295 1696 342 I
1729 296 1884 358 Ssqq.

191 369 242 416 II
276 370 343 416 35
365 362 508 434 sqq).
579 367 686 416 Hoc
725 369 1051 432 apographon
1090 366 1133 416 Δ
1174 369 1483 432 neglegentis
1523 370 1796 431 scripturae
1836 373 1886 416 et

190 443 483 490 lacunosum
521 458 681 504 neque
722 442 783 490 ab
831 442 1300 504 interpolationibus
1339 443 1511 490 multis
1551 444 1884 506 gravibusque

190 516 402 564 liberum
448 518 502 564 in
551 515 819 564 Germania
867 519 1118 578 superiore
1167 516 1343 578 opinor
1389 517 1693 565 servabatur.
1771 519 1884 565 inde

190 591 320 639 enim
359 591 503 638 fluxit
535 591 760 639 codicum
798 591 1092 639 mutilorum
1130 591 1385 651 memoria,
1425 607 1639 653 quorum
1677 608 1792 654 pars
1832 593 1883 639 in

183 665 499 714 monasteriis
547 664 851 713 Germanicis
906 665 1003 712 fuit
1051 665 1131 712 vel
1184 681 1316 713 nunc
1371 668 1445 713 est
1495 661 1605 731 (d),
1660 682 1775 727 pars
1829 669 1884 714 in

182 739 334 787 Italia
382 732 479 806 (ε),
526 739 656 787 unde
702 739 822 787 libri
869 740 1098 803 vulgares
1147 739 1347 787 aliunde
1398 740 1616 801 suppleti
1670 740 1883 801 pendere

182 813 428 862 videntur.
505 815 663 875 ipsius
715 813 894 862 codicis
936 812 979 861 Δ
1033 814 1164 861 ultra
1216 815 1473 861 saeculum
1511 813 1634 861 XIII
1673 815 1884 879 vestigia

183 904 282 936 non
320 889 648 949 reperiuntur.

298 962 614 1024 Archetypus
653 965 759 1024 ipse
791 977 905 1009 mox
937 965 1071 1010 totus
1104 962 1397 1010 interiturus
1429 963 1529 1010 illis
1563 963 1884 1024 temporibus,

183 1051 297 1084 cum
336 1037 516 1085 iterum
558 1037 947 1097 describebatur,
993 1038 1092 1083 iam
1134 1037 1372 1084 maiorem
1420 1037 1583 1085 labem
1622 1053 1883 1099 perpessus

182 1110 353 1158 multis
394 1111 514 1158 locis
556 1112 722 1159 oculos
762 1111 1031 1174 legentium
1073 1111 1347 1158 miserrime
1388 1111 1641 1159 cruciabat
1674 1115 1722 1159 et
1761 1111 1883 1160 folia

184 1201 284 1233 non
309 1186 469 1233 solum
494 1189 642 1233 antea
667 1185 922 1247 deperdita
957 1185 1039 1232 sed
1066 1187 1215 1232 etiam
1245 1186 1594 1247 praecedentia
1627 1187 1882 1234 amiserat:

183 1258 388 1307 deerant
418 1259 575 1323 igitur
606 1262 740 1308 totus
772 1259 899 1307 liber
929 1259 1002 1306 IV
1016 1275 1059 1320 a,
1099 1260 1277 1306 ultima
1310 1259 1428 1307 libri
1458 1260 1536 1307 III
1569 1261 1732 1321 capita
1769 1261 1883 1308 inde

185 1349 214 1380 a
248 1333 411 1382 verbis
445 1336 724 1395 efferantur,
764 1334 1004 1394 quaedam
1037 1334 1103 1382 ad
1132 1334 1294 1382 media
1327 1327 1429 1399 (ΠΙ
1456 1336 1541 1395 25,
1569 1328 1641 1400 6),
1673 1335 1883 1396 denique

183 1407 439 1455 exordium
478 1408 594 1456 libri
624 1408 698 1456 IV
709 1408 755 1456 b.
819 1408 1095 1471 apographi
1126 1406 1170 1455 Δ
1209 1408 1368 1456 scriba
1408 1410 1629 1472 integros
1669 1410 1882 1471 reperie-

183 1481 268 1529 bat
318 1482 470 1531 libros
508 1483 686 1530 1—111
724 1499 878 1545 usque
920 1482 982 1530 ad
1022 1482 1172 1530 verba
1218 1498 1373 1542 supra
1422 1499 1602 1543 aquam
1643 1486 1739 1531 tota
1780 1479 1884 1546 (IH

185 1557 270 1616 25,
297 1550 354 1621 6)
403 1558 452 1604 et
498 1560 691 1620 partem
740 1557 949 1604 alteram
996 1550 1134 1623 (IVb
1172 1557 1379 1605 3—VII
1406 1553 1516 1619 ex).
1596 1560 1746 1619 atque
1792 1558 1883 1606 hos

182 1630 376 1679 libellos
423 1632 478 1679 in
524 1631 790 1693 pristinum
830 1631 1051 1679 ordinem
1091 1631 1317 1680 redactos
1357 1631 1576 1679 reddidit
1616 1634 1666 1678 et
1704 1632 1883 1679 lacuna

181 1720 280 1752 non
321 1705 664 1753 animadversa
704 1706 856 1753 libros
896 1721 1094 1753 mancos
1135 1705 1212 1752 III
1244 1708 1294 1753 et
1329 1705 1444 1753 IVb
1483 1706 1536 1752 in
1575 1722 1727 1753 unum
1768 1722 1879 1754 con-

181 1778 325 1827 flatos
371 1780 605 1827 exhibuit.
679 1781 850 1841 itaque
891 1795 974 1828 sex
1021 1780 1213 1828 libellos
1254 1782 1535 1827 numeravit
1575 1780 1881 1844 singulisque

182 1869 410 1902 numeros
451 1854 716 1916 adscripsit
756 1848 844 1920 (cf.
886 1853 1022 1901 Stud.
1056 1854 1081 1900 Ι
1115 1856 1184 1902 30
1202 1848 1297 1919 sq.)
1339 1854 1450 1902 hos:

615 1951 1288 2024 (IHH1÷1vav1
1326 1957 1444 2019 vn)

632 2080 657 2123 1
717 2079 745 2123 2
925 2078 954 2124 3
1140 2079 1170 2124 4
1230 2078 1259 2124 5
1365 2078 1393 2124 6

300 2181 515 2229 Eosdem
554 2197 783 2229 numeros
822 2180 1070 2243 prioribus
1105 2181 1294 2229 duobus
1336 2174 1441 2246 (vel
1472 2175 1655 2247 tribus)
1689 2181 1881 2230 omissis

185 2257 358 2316 postea
413 2255 465 2302 in
519 2255 903 2317 subscriptiones
959 2255 1182 2302 codicum
1235 2255 1440 2302 alterius
1492 2255 1663 2303 classis
1718 2258 1877 2303 trans-

182 2330 312 2378 latos
353 2345 456 2377 esse
498 2329 749 2377 Schultess
789 2332 838 2377 et
882 2345 972 2392 ego
1014 2329 1384 2377 observavimus
1427 2323 1590 2394 (Stud.
1622 2330 1649 2376 Ι
1681 2330 1749 2376 84
1769 2324 1878 2395 sq.).

182 2404 409 2451 nonnulli
442 2405 573 2451 enim
603 2404 794 2464 horum,
827 2405 914 2465 qui
943 2404 1143 2451 initium
1177 2420 1205 2451 a
1244 2403 1370 2451 libro
1410 2404 1526 2451 IVb
1566 2403 1770 2466 faciunt,
1810 2404 1879 2451 sic

183 2477 377 2526 libellos
418 2481 731 2526 enumerant:

577 2566 1027 2615 IVbVVIVII
1101 2566 1486 2614 IIIHIIVa

618 2644 647 2689 3
740 2644 772 2688 4
838 2642 867 2689 5
961 2642 989 2688 6
1100 2642 1202 2688 78
1277 2643 1305 2689 9
1389 2642 1457 2688 10

185 2747 335 2807 atque
374 2746 462 2793 has
505 2746 704 2808 quidem
752 2744 1134 2806 subscriptiones
1173 2746 1277 2792 tam
1318 2744 1659 2792 memorabiles
1699 2744 1877 2791 identi-

184 2819 392 2881 demque
431 2822 672 2868 tractatas
712 2835 842 2868 nunc
879 2821 1098 2880 repetere
1138 2812 1188 2884 (e
1230 2819 1370 2867 Stud.
1403 2818 1429 2865 I
1454 2819 1545 2878 403
1585 2818 1638 2865 II
1666 2820 1755 2880 113
1785 2812 1875 2884 14)

183 2895 427 2955 praestat3
466 2894 679 2942 testibus
721 2893 908 2942 accedit
947 2893 1096 2941 codex
1137 2887 1186 2940 Ζ.
