<?xml version="1.0" encoding="UTF-8"?>
<!DOCTYPE html PUBLIC "-//W3C//DTD XHTML 1.0 Transitional//EN"
    "http://www.w3.org/TR/xhtml1/DTD/xhtml1-transitional.dtd">
<html xmlns="http://www.w3.org/1999/xhtml" xml:lang="en" lang="en">
 <head>
  <title>
</title>
<meta http-equiv="Content-Type" content="text/html;charset=utf-8" />
  <meta name='ocr-system' content='tesseract 3.04.00' />
  <meta name='ocr-capabilities' content='ocr_page ocr_carea ocr_par ocr_line ocrx_word'/>
</head>
<body>
  <div class='ocr_page' id='page_1' title='image "./operaquaesupersu02seneuoft/operaquaesupersu02seneuoft_0035.png"; bbox 0 0 1988 3138; ppageno 0'>
   <div class='ocr_carea' id='block_1_1' title="bbox 738 103 1766 150">
    <p class='ocr_par' dir='ltr' id='par_1_1' title="bbox 738 103 1766 150">
     <span class='ocr_line' id='line_1_1' title="bbox 738 103 1766 150; baseline -0.002 -1"><span class='ocrx_word' id='word_1_1' title='bbox 738 104 1081 150; x_wconf 81' lang='lat' dir='ltr'><strong>PRAEFATIO</strong></span> <span class='ocrx_word' id='word_1_2' title='bbox 1613 103 1766 148; x_wconf 91' lang='lat' dir='ltr'>XXXI</span> 
     </span>
    </p>
   </div>
   <div class='ocr_carea' id='block_1_2' title="bbox 61 225 1765 357">
    <p class='ocr_par' dir='ltr' id='par_1_2' title="bbox 61 225 1765 357">
     <span class='ocr_line' id='line_1_2' title="bbox 61 225 1765 295; baseline -0.001 -13"><span class='ocrx_word' id='word_1_3' title='bbox 61 235 114 282; x_wconf 89' lang='lat' dir='ltr'><em>in</em></span> <span class='ocrx_word' id='word_1_4' title='bbox 137 229 189 282; x_wconf 70' lang='lat' dir='ltr'>H</span> <span class='ocrx_word' id='word_1_5' title='bbox 218 233 454 292; x_wconf 82' lang='lat' dir='ltr'><em>traditur,</em></span> <span class='ocrx_word' id='word_1_6' title='bbox 485 232 620 294; x_wconf 84' lang='lat' dir='ltr'><em>quod</em></span> <span class='ocrx_word' id='word_1_7' title='bbox 651 234 704 279; x_wconf 86' lang='lat' dir='ltr'><em>in</em></span> <span class='ocrx_word' id='word_1_8' title='bbox 728 225 771 279; x_wconf 83' lang='lat' dir='ltr'><strong>E</strong></span> <span class='ocrx_word' id='word_1_9' title='bbox 804 231 956 291; x_wconf 85' lang='lat' dir='ltr'><em>deest,</em></span> <span class='ocrx_word' id='word_1_10' title='bbox 986 232 1140 279; x_wconf 80' lang='lat' dir='ltr'><em>immo</em></span> <span class='ocrx_word' id='word_1_11' title='bbox 1166 234 1508 294; x_wconf 77' lang='lat' dir='ltr'>excerptorum</span> <span class='ocrx_word' id='word_1_12' title='bbox 1532 233 1765 295; x_wconf 84' lang='lat' dir='ltr'><em>excerpta</em></span> 
     </span>
     <span class='ocr_line' id='line_1_3' title="bbox 61 303 810 357; baseline -0.003 -1"><span class='ocrx_word' id='word_1_13' title='bbox 61 311 113 356; x_wconf 82' lang='lat' dir='ltr'><em>in</em></span> <span class='ocrx_word' id='word_1_14' title='bbox 152 303 203 357; x_wconf 71' lang='grc' dir='ltr'>Π</span> <span class='ocrx_word' id='word_1_15' title='bbox 241 309 433 356; x_wconf 85' lang='lat' dir='ltr'><em>exstare</em></span> <span class='ocrx_word' id='word_1_16' title='bbox 471 306 726 355; x_wconf 85' lang='lat' dir='ltr'><em>videntur:</em></span> <span class='ocrx_word' id='word_1_17' title='bbox 808 330 810 333; x_wconf 56' lang='lat'>&gt;</span> 
     </span>
    </p>
   </div>
   <div class='ocr_carea' id='block_1_3' title="bbox 64 404 1765 478">
    <p class='ocr_par' dir='ltr' id='par_1_3' title="bbox 64 404 1765 478">
     <span class='ocr_line' id='line_1_4' title="bbox 64 404 1765 478; baseline -0.002 -17"><span class='ocrx_word' id='word_1_18' title='bbox 64 408 121 478; x_wconf 69' lang='grc' dir='ltr'><em>[ἓ</em></span> <span class='ocrx_word' id='word_1_19' title='bbox 163 412 357 460; x_wconf 85' lang='grc'><strong>1-13</strong></span> <span class='ocrx_word' id='word_1_20' title='bbox 428 411 735 458; x_wconf 77' lang='lat' dir='ltr'><em>intervallum</em></span> <span class='ocrx_word' id='word_1_21' title='bbox 805 412 869 458; x_wconf 73' lang='lat' dir='ltr'><em>sit</em></span> <span class='ocrx_word' id='word_1_22' title='bbox 958 404 1098 475; x_wconf 86' lang='lat' dir='ltr'><em>[post</em></span> <span class='ocrx_word' id='word_1_23' title='bbox 1137 410 1240 458; x_wconf 85' lang='lat' dir='ltr'><em>alia</em></span> <span class='ocrx_word' id='word_1_24' title='bbox 1279 407 1311 471; x_wconf 53' lang='grc' dir='ltr'><em>ξι</em></span> <span class='ocrx_word' id='word_1_25' title='bbox 1341 412 1368 457; x_wconf 93' lang='grc'><strong>7</strong></span> <span class='ocrx_word' id='word_1_26' title='bbox 1413 425 1500 458; x_wconf 81' lang='lat' dir='ltr'><em>nec</em></span> <span class='ocrx_word' id='word_1_27' title='bbox 1542 411 1765 459; x_wconf 76' lang='lat' dir='ltr'><em>invidebo</em></span> 
     </span>
    </p>
   </div>
   <div class='ocr_carea' id='block_1_4' title="bbox 62 479 1770 850">
    <p class='ocr_par' dir='ltr' id='par_1_4' title="bbox 62 479 1765 624">
     <span class='ocr_line' id='line_1_5' title="bbox 135 479 1765 550; baseline -0.001 -16"><span class='ocrx_word' id='word_1_28' title='bbox 135 502 228 535; x_wconf 92' lang='lat' dir='ltr'><em>om.</em></span> <span class='ocrx_word' id='word_1_29' title='bbox 268 479 343 550; x_wconf 72' lang='lat' dir='ltr'><em>H]</em></span> <span class='ocrx_word' id='word_1_30' title='bbox 1032 510 1105 519; x_wconf 94' lang='lat'>—</span> <span class='ocrx_word' id='word_1_31' title='bbox 1152 486 1465 533; x_wconf 77' lang='lat' dir='ltr'><em>intervallum</em></span> <span class='ocrx_word' id='word_1_32' title='bbox 1510 487 1575 533; x_wconf 77' lang='lat' dir='ltr'><em>sit</em></span> <span class='ocrx_word' id='word_1_33' title='bbox 1620 482 1652 547; x_wconf 69' lang='grc' dir='ltr'>ξ</span> <span class='ocrx_word' id='word_1_34' title='bbox 1696 485 1765 533; x_wconf 87' lang='grc'><em>13</em></span> 
     </span>
     <span class='ocr_line' id='line_1_6' title="bbox 62 553 1234 624; baseline -0.001 -16"><span class='ocrx_word' id='word_1_35' title='bbox 62 561 95 623; x_wconf 68' lang='grc' dir='ltr'>ξ</span> <span class='ocrx_word' id='word_1_36' title='bbox 122 562 190 609; x_wconf 86' lang='grc'><strong>14</strong></span> <span class='ocrx_word' id='word_1_37' title='bbox 238 574 347 607; x_wconf 80' lang='lat' dir='ltr'><em>oum</em></span> <span class='ocrx_word' id='word_1_38' title='bbox 394 561 507 608; x_wconf 79' lang='lat' dir='ltr'><em>bene</em></span> <span class='ocrx_word' id='word_1_39' title='bbox 547 560 747 607; x_wconf 70' lang='lat' dir='ltr'><em>laudari</em></span> <span class='ocrx_word' id='word_1_40' title='bbox 787 573 867 607; x_wconf 79' lang='lat' dir='ltr'><em>ca-</em></span> <span class='ocrx_word' id='word_1_41' title='bbox 1032 575 1126 608; x_wconf 91' lang='lat' dir='ltr'><em>om.</em></span> <span class='ocrx_word' id='word_1_42' title='bbox 1167 553 1234 624; x_wconf 84' lang='lat' dir='ltr'><em>E]</em></span> 
     </span>
    </p>

    <p class='ocr_par' dir='ltr' id='par_1_5' title="bbox 126 632 1767 696">
     <span class='ocr_line' id='line_1_7' title="bbox 126 632 1767 696; baseline 0 -14"><span class='ocrx_word' id='word_1_43' title='bbox 126 636 365 695; x_wconf 79' lang='lat' dir='ltr'><em>pieris—</em></span> <span class='ocrx_word' id='word_1_44' title='bbox 387 636 711 683; x_wconf 76' lang='lat' dir='ltr'><em>existimarem</em></span> <span class='ocrx_word' id='word_1_45' title='bbox 721 635 868 693; x_wconf 79' lang='lat' dir='ltr'><em>fidem</em></span> <span class='ocrx_word' id='word_1_46' title='bbox 958 632 990 696; x_wconf 63' lang='grc' dir='ltr'>ξ</span> <span class='ocrx_word' id='word_1_47' title='bbox 1019 636 1087 682; x_wconf 91' lang='grc'><em>14</em></span> <span class='ocrx_word' id='word_1_48' title='bbox 1128 648 1238 682; x_wconf 78' lang='lat' dir='ltr'><em>cam</em></span> <span class='ocrx_word' id='word_1_49' title='bbox 1262 636 1474 694; x_wconf 76' lang='lat' dir='ltr'><em>capieris</em></span> <span class='ocrx_word' id='word_1_50' title='bbox 1507 635 1621 683; x_wconf 78' lang='lat' dir='ltr'><em>bene</em></span> <span class='ocrx_word' id='word_1_51' title='bbox 1658 634 1767 683; x_wconf 78' lang='lat' dir='ltr'><em>lau-</em></span> 
     </span>
    </p>

    <p class='ocr_par' dir='ltr' id='par_1_6' title="bbox 136 703 1770 772">
     <span class='ocr_line' id='line_1_8' title="bbox 136 703 1770 772; baseline -0.001 -15"><span class='ocrx_word' id='word_1_52' title='bbox 136 707 168 771; x_wconf 71' lang='lat'>§</span> <span class='ocrx_word' id='word_1_53' title='bbox 209 709 274 757; x_wconf 87' lang='lat'><em>16</em></span> <span class='ocrx_word' id='word_1_54' title='bbox 331 709 538 772; x_wconf 88' lang='lat' dir='ltr'><em>praebet</em></span> <span class='ocrx_word' id='word_1_55' title='bbox 589 703 640 756; x_wconf 79' lang='grc' dir='ltr'>Μ</span> <span class='ocrx_word' id='word_1_56' title='bbox 693 709 866 771; x_wconf 80' lang='lat' dir='ltr'>paucis</span> <span class='ocrx_word' id='word_1_57' title='bbox 1032 710 1146 757; x_wconf 79' lang='lat' dir='ltr'><em>dari</em></span> <span class='ocrx_word' id='word_1_58' title='bbox 1191 736 1253 742; x_wconf 89' lang='lat'><strong>—</strong></span> <span class='ocrx_word' id='word_1_59' title='bbox 1299 711 1574 757; x_wconf 77' lang='lat' dir='ltr'><em>estimarem</em></span> <span class='ocrx_word' id='word_1_60' title='bbox 1620 710 1770 768; x_wconf 73' lang='lat' dir='ltr'><em>fidem</em></span> 
     </span>
    </p>

    <p class='ocr_par' dir='ltr' id='par_1_7' title="bbox 136 776 1485 850">
     <span class='ocr_line' id='line_1_9' title="bbox 136 776 1485 850; baseline 0 -19"><span class='ocrx_word' id='word_1_61' title='bbox 136 799 230 831; x_wconf 91' lang='lat' dir='ltr'><em>om.</em></span> <span class='ocrx_word' id='word_1_62' title='bbox 271 783 351 832; x_wconf 89' lang='lat' dir='ltr'><em>vel</em></span> <span class='ocrx_word' id='word_1_63' title='bbox 381 783 587 832; x_wconf 87' lang='lat' dir='ltr'><em>mutatis</em></span> <span class='ocrx_word' id='word_1_64' title='bbox 600 776 642 850; x_wconf 75' lang='lat'><em>¹)</em></span> <span class='ocrx_word' id='word_1_65' title='bbox 1033 781 1064 846; x_wconf 66' lang='grc' dir='ltr'>ξ</span> <span class='ocrx_word' id='word_1_66' title='bbox 1093 784 1159 832; x_wconf 89' lang='grc'><em>16</em></span> <span class='ocrx_word' id='word_1_67' title='bbox 1199 783 1406 846; x_wconf 87' lang='lat' dir='ltr'><em>praebet</em></span> <span class='ocrx_word' id='word_1_68' title='bbox 1443 776 1485 831; x_wconf 90' lang='grc' dir='ltr'>Ε</span> 
     </span>
    </p>
   </div>
   <div class='ocr_carea' id='block_1_5' title="bbox 959 853 1772 1130">
    <p class='ocr_par' dir='ltr' id='par_1_8' title="bbox 959 853 1771 998">
     <span class='ocr_line' id='line_1_10' title="bbox 959 853 1771 924; baseline -0.001 -18"><span class='ocrx_word' id='word_1_69' title='bbox 959 853 1015 924; x_wconf 63' lang='grc' dir='ltr'><em>[ξ</em></span> <span class='ocrx_word' id='word_1_70' title='bbox 1045 859 1111 906; x_wconf 89' lang='grc'><em>16</em></span> <span class='ocrx_word' id='word_1_71' title='bbox 1153 872 1253 906; x_wconf 78' lang='lat' dir='ltr'><em>non</em></span> <span class='ocrx_word' id='word_1_72' title='bbox 1283 859 1483 906; x_wconf 75' lang='lat' dir='ltr'><strong><em>debebat</em></strong></span> <span class='ocrx_word' id='word_1_73' title='bbox 1505 884 1578 891; x_wconf 92' lang='lat'><strong>—</strong></span> <span class='ocrx_word' id='word_1_74' title='bbox 1605 859 1771 918; x_wconf 75' lang='lat' dir='ltr'><em>furori.</em></span> 
     </span>
     <span class='ocr_line' id='line_1_11' title="bbox 1031 926 1540 998; baseline 0 -18"><span class='ocrx_word' id='word_1_75' title='bbox 1031 935 1145 981; x_wconf 74' lang='lat' dir='ltr'><em>misi</em></span> <span class='ocrx_word' id='word_1_76' title='bbox 1184 931 1216 994; x_wconf 64' lang='grc' dir='ltr'>ἓ</span> <span class='ocrx_word' id='word_1_77' title='bbox 1246 935 1310 980; x_wconf 93' lang='grc'><strong>17</strong></span> <span class='ocrx_word' id='word_1_78' title='bbox 1354 949 1448 981; x_wconf 93' lang='lat' dir='ltr'><em>om.</em></span> <span class='ocrx_word' id='word_1_79' title='bbox 1474 926 1540 998; x_wconf 83' lang='lat' dir='ltr'><em>E]</em></span> 
     </span>
    </p>

    <p class='ocr_par' dir='ltr' id='par_1_9' title="bbox 959 1006 1772 1130">
     <span class='ocr_line' id='line_1_12' title="bbox 959 1006 1772 1070; baseline -0.002 -14"><span class='ocrx_word' id='word_1_80' title='bbox 959 1006 991 1070; x_wconf 63' lang='grc' dir='ltr'>ἓ</span> <span class='ocrx_word' id='word_1_81' title='bbox 1020 1010 1084 1056; x_wconf 94' lang='grc'><strong>17</strong></span> <span class='ocrx_word' id='word_1_82' title='bbox 1128 1008 1352 1056; x_wconf 76' lang='lat' dir='ltr'><em>videbam</em></span> <span class='ocrx_word' id='word_1_83' title='bbox 1399 1009 1535 1068; x_wconf 75' lang='lat' dir='ltr'><em>apud</em></span> <span class='ocrx_word' id='word_1_84' title='bbox 1584 1007 1772 1056; x_wconf 75' lang='lat' dir='ltr'><em>Gaium</em></span> 
     </span>
     <span class='ocr_line' id='line_1_13' title="bbox 1034 1083 1342 1130; baseline 0 0"><span class='ocrx_word' id='word_1_85' title='bbox 1034 1108 1107 1115; x_wconf 95' lang='lat'><strong>—</strong></span> <span class='ocrx_word' id='word_1_86' title='bbox 1147 1083 1342 1130; x_wconf 71' lang='lat' dir='ltr'><em>dissilui</em></span> 
     </span>
    </p>
   </div>
   <div class='ocr_carea' id='block_1_6' title="bbox 65 1151 1773 1672">
    <p class='ocr_par' dir='ltr' id='par_1_10' title="bbox 65 1151 1773 1672">
     <span class='ocr_line' id='line_1_14' title="bbox 65 1151 1769 1223; baseline -0.001 -18"><span class='ocrx_word' id='word_1_87' title='bbox 65 1152 122 1223; x_wconf 66' lang='grc' dir='ltr'><em>[ἓ</em></span> <span class='ocrx_word' id='word_1_88' title='bbox 151 1157 217 1205; x_wconf 90' lang='grc'><em>16</em></span> <span class='ocrx_word' id='word_1_89' title='bbox 266 1172 364 1205; x_wconf 75' lang='lat' dir='ltr'><em>non</em></span> <span class='ocrx_word' id='word_1_90' title='bbox 403 1158 601 1205; x_wconf 80' lang='lat' dir='ltr'><em>debebat</em></span> <span class='ocrx_word' id='word_1_91' title='bbox 639 1158 756 1205; x_wconf 74' lang='lat' dir='ltr'><em>mihi</em></span> <span class='ocrx_word' id='word_1_92' title='bbox 796 1183 869 1189; x_wconf 88' lang='lat'><em>—-</em></span> <span class='ocrx_word' id='word_1_93' title='bbox 962 1151 1018 1223; x_wconf 66' lang='grc' dir='ltr'><em>[ξ</em></span> <span class='ocrx_word' id='word_1_94' title='bbox 1048 1153 1111 1204; x_wconf 88' lang='grc'><strong>17</strong></span> <span class='ocrx_word' id='word_1_95' title='bbox 1162 1172 1222 1206; x_wconf 75' lang='lat' dir='ltr'><em>ne</em></span> <span class='ocrx_word' id='word_1_96' title='bbox 1280 1159 1466 1205; x_wconf 70' lang='lat' dir='ltr'><em>viderer</em></span> <span class='ocrx_word' id='word_1_97' title='bbox 1526 1184 1588 1191; x_wconf 98' lang='lat'><strong>—</strong></span> <span class='ocrx_word' id='word_1_98' title='bbox 1645 1159 1769 1204; x_wconf 69' lang='lat' dir='ltr'><em>mori</em></span> 
     </span>
     <span class='ocr_line' id='line_1_15' title="bbox 137 1225 1398 1297; baseline -0.002 -16"><span class='ocrx_word' id='word_1_99' title='bbox 137 1234 262 1281; x_wconf 74' lang='lat' dir='ltr'><em>mori</em></span> <span class='ocrx_word' id='word_1_100' title='bbox 291 1246 438 1293; x_wconf 79' lang='lat' dir='ltr'><em>posse</em></span> <span class='ocrx_word' id='word_1_101' title='bbox 476 1230 508 1294; x_wconf 68' lang='grc' dir='ltr'>ξ</span> <span class='ocrx_word' id='word_1_102' title='bbox 538 1233 603 1280; x_wconf 92' lang='grc'><em>17</em></span> <span class='ocrx_word' id='word_1_103' title='bbox 646 1226 767 1297; x_wconf 93' lang='lat' dir='ltr'><em>om.]</em></span> <span class='ocrx_word' id='word_1_104' title='bbox 1026 1245 1173 1292; x_wconf 76' lang='lat' dir='ltr'><em>posse</em></span> <span class='ocrx_word' id='word_1_105' title='bbox 1211 1247 1305 1280; x_wconf 93' lang='lat' dir='ltr'><em>om.</em></span> <span class='ocrx_word' id='word_1_106' title='bbox 1330 1225 1398 1297; x_wconf 89' lang='grc' dir='ltr'><em>Ε]</em></span> 
     </span>
     <span class='ocr_line' id='line_1_16' title="bbox 963 1305 1772 1369; baseline -0.002 -14"><span class='ocrx_word' id='word_1_107' title='bbox 963 1305 994 1369; x_wconf 67' lang='grc' dir='ltr'>ξ</span> <span class='ocrx_word' id='word_1_108' title='bbox 1023 1307 1090 1355; x_wconf 92' lang='grc'><strong>18</strong></span> <span class='ocrx_word' id='word_1_109' title='bbox 1121 1307 1258 1355; x_wconf 77' lang='lat' dir='ltr'><em>adice</em></span> <span class='ocrx_word' id='word_1_110' title='bbox 1283 1321 1416 1355; x_wconf 76' lang='lat' dir='ltr'><em>nunc</em></span> <span class='ocrx_word' id='word_1_111' title='bbox 1441 1308 1675 1355; x_wconf 77' lang='lat' dir='ltr'><em>invictum</em></span> <span class='ocrx_word' id='word_1_112' title='bbox 1697 1333 1772 1339; x_wconf 91' lang='lat'><em>-—</em></span> 
     </span>
     <span class='ocr_line' id='line_1_17' title="bbox 65 1378 1771 1443; baseline -0.001 -13"><span class='ocrx_word' id='word_1_113' title='bbox 65 1378 99 1443; x_wconf 65' lang='grc' dir='ltr'>ξ</span> <span class='ocrx_word' id='word_1_114' title='bbox 126 1381 194 1431; x_wconf 91' lang='grc'><em>18</em></span> <span class='ocrx_word' id='word_1_115' title='bbox 242 1382 380 1430; x_wconf 84' lang='lat' dir='ltr'><em>adice</em></span> <span class='ocrx_word' id='word_1_116' title='bbox 425 1397 557 1430; x_wconf 80' lang='lat' dir='ltr'><em>nunc</em></span> <span class='ocrx_word' id='word_1_117' title='bbox 606 1383 755 1431; x_wconf 77' lang='lat' dir='ltr'><em>victus</em></span> <span class='ocrx_word' id='word_1_118' title='bbox 803 1408 866 1415; x_wconf 91' lang='lat'><em>—-</em></span> <span class='ocrx_word' id='word_1_119' title='bbox 1039 1383 1184 1430; x_wconf 81' lang='lat' dir='ltr'><em>luero.</em></span> <span class='ocrx_word' id='word_1_120' title='bbox 1249 1382 1386 1430; x_wconf 77' lang='lat' dir='ltr'><em>adice</em></span> <span class='ocrx_word' id='word_1_121' title='bbox 1414 1396 1548 1430; x_wconf 73' lang='lat' dir='ltr'><em>nume</em></span> <span class='ocrx_word' id='word_1_122' title='bbox 1586 1395 1771 1442; x_wconf 80' lang='lat' dir='ltr'><em>quoque</em></span> 
     </span>
     <span class='ocr_line' id='line_1_18' title="bbox 140 1450 1769 1520; baseline 0 -16"><span class='ocrx_word' id='word_1_123' title='bbox 140 1456 333 1504; x_wconf 75' lang='lat' dir='ltr'><em>derisus</em></span> <span class='ocrx_word' id='word_1_124' title='bbox 357 1470 406 1504; x_wconf 80' lang='lat' dir='ltr'><em>es</em></span> <span class='ocrx_word' id='word_1_125' title='bbox 438 1454 470 1517; x_wconf 66' lang='grc' dir='ltr'>ἓ</span> <span class='ocrx_word' id='word_1_126' title='bbox 499 1457 566 1506; x_wconf 89' lang='grc'><em>18</em></span> <span class='ocrx_word' id='word_1_127' title='bbox 591 1456 797 1520; x_wconf 76' lang='lat' dir='ltr'><em>praebet</em></span> <span class='ocrx_word' id='word_1_128' title='bbox 818 1450 870 1504; x_wconf 77' lang='grc' dir='ltr'>Μ</span> <span class='ocrx_word' id='word_1_129' title='bbox 1038 1458 1191 1504; x_wconf 60' lang='lat' dir='ltr'><em>&lt;victas</em></span> <span class='ocrx_word' id='word_1_130' title='bbox 1213 1483 1277 1490; x_wconf 97' lang='lat'>—</span> <span class='ocrx_word' id='word_1_131' title='bbox 1298 1471 1331 1504; x_wconf 90' lang='lat' dir='ltr'><em>a</em></span> <span class='ocrx_word' id='word_1_132' title='bbox 1360 1471 1436 1504; x_wconf 85' lang='lat' dir='ltr'><em>me</em></span> <span class='ocrx_word' id='word_1_133' title='bbox 1465 1458 1624 1517; x_wconf 73' lang='lat' dir='ltr'><em>incipe</em></span> <span class='ocrx_word' id='word_1_134' title='bbox 1648 1454 1680 1518; x_wconf 63' lang='grc' dir='ltr'>ξ</span> <span class='ocrx_word' id='word_1_135' title='bbox 1702 1457 1769 1504; x_wconf 87' lang='grc'><em>19</em></span> 
     </span>
     <span class='ocr_line' id='line_1_19' title="bbox 67 1524 1325 1596; baseline 0 -17"><span class='ocrx_word' id='word_1_136' title='bbox 67 1525 125 1596; x_wconf 64' lang='grc' dir='ltr'><em>[ξ</em></span> <span class='ocrx_word' id='word_1_137' title='bbox 154 1532 220 1579; x_wconf 90' lang='grc'><em>19</em></span> <span class='ocrx_word' id='word_1_138' title='bbox 269 1546 473 1591; x_wconf 81' lang='lat' dir='ltr'><em>possum</em></span> <span class='ocrx_word' id='word_1_139' title='bbox 528 1535 569 1578; x_wconf 80' lang='lat' dir='ltr'><em>et</em></span> <span class='ocrx_word' id='word_1_140' title='bbox 620 1533 722 1592; x_wconf 79' lang='lat' dir='ltr'><em>ipse</em></span> <span class='ocrx_word' id='word_1_141' title='bbox 771 1546 872 1594; x_wconf 87' lang='lat' dir='ltr'><em>eqs.</em></span> <span class='ocrx_word' id='word_1_142' title='bbox 1038 1530 1246 1593; x_wconf 78' lang='lat' dir='ltr'><em>praebet</em></span> <span class='ocrx_word' id='word_1_143' title='bbox 1282 1524 1325 1578; x_wconf 88' lang='grc' dir='ltr'>Ε</span> 
     </span>
     <span class='ocr_line' id='line_1_20' title="bbox 142 1599 1773 1672; baseline 0.001 -19"><span class='ocrx_word' id='word_1_144' title='bbox 142 1621 236 1653; x_wconf 89' lang='lat' dir='ltr'><em>om.</em></span> <span class='ocrx_word' id='word_1_145' title='bbox 261 1599 336 1671; x_wconf 70' lang='lat' dir='ltr'><em>H]</em></span> <span class='ocrx_word' id='word_1_146' title='bbox 966 1601 1023 1672; x_wconf 67' lang='grc' dir='ltr'><em>[ἓ</em></span> <span class='ocrx_word' id='word_1_147' title='bbox 1052 1609 1116 1655; x_wconf 89' lang='grc'><strong>19</strong></span> <span class='ocrx_word' id='word_1_148' title='bbox 1162 1606 1498 1667; x_wconf 70' lang='lat' dir='ltr'><em>Veryilicmum</em></span> <span class='ocrx_word' id='word_1_149' title='bbox 1545 1632 1614 1638; x_wconf 94' lang='lat'><strong>—</strong></span> <span class='ocrx_word' id='word_1_150' title='bbox 1664 1619 1773 1654; x_wconf 79' lang='lat' dir='ltr'><em>con—</em></span> 
     </span>
    </p>
   </div>
   <div class='ocr_carea' id='block_1_7' title="bbox 1041 1674 1444 1746">
    <p class='ocr_par' dir='ltr' id='par_1_11' title="bbox 1041 1674 1444 1746">
     <span class='ocr_line' id='line_1_21' title="bbox 1041 1674 1444 1746; baseline -0.005 -17"><span class='ocrx_word' id='word_1_151' title='bbox 1041 1684 1220 1729; x_wconf 79' lang='lat' dir='ltr'><em>textum</em></span> <span class='ocrx_word' id='word_1_152' title='bbox 1258 1696 1351 1729; x_wconf 92' lang='lat' dir='ltr'><em>om.</em></span> <span class='ocrx_word' id='word_1_153' title='bbox 1377 1674 1444 1746; x_wconf 90' lang='grc' dir='ltr'><em>Ε]</em></span> 
     </span>
    </p>
   </div>
   <div class='ocr_carea' id='block_1_8' title="bbox 68 1785 1778 2747">
    <p class='ocr_par' dir='ltr' id='par_1_12' title="bbox 68 1785 1773 1999">
     <span class='ocr_line' id='line_1_22' title="bbox 68 1785 1773 1849; baseline 0.001 -17"><span class='ocrx_word' id='word_1_154' title='bbox 68 1801 230 1848; x_wconf 91' lang='lat' dir='ltr'><em>neque</em></span> <span class='ocrx_word' id='word_1_155' title='bbox 270 1801 387 1834; x_wconf 86' lang='lat' dir='ltr'><em>vero</em></span> <span class='ocrx_word' id='word_1_156' title='bbox 434 1785 572 1835; x_wconf 86' lang='lat' dir='ltr'><em>locus</em></span> <span class='ocrx_word' id='word_1_157' title='bbox 619 1785 899 1834; x_wconf 88' lang='lat' dir='ltr'><strong>libellorum</strong></span> <span class='ocrx_word' id='word_1_158' title='bbox 950 1802 1109 1849; x_wconf 92' lang='lat' dir='ltr'><em>neque</em></span> <span class='ocrx_word' id='word_1_159' title='bbox 1157 1785 1348 1835; x_wconf 88' lang='lat' dir='ltr'><em>numeri</em></span> <span class='ocrx_word' id='word_1_160' title='bbox 1392 1786 1574 1834; x_wconf 87' lang='lat'>3-10</span> <span class='ocrx_word' id='word_1_161' title='bbox 1620 1786 1675 1832; x_wconf 82' lang='lat' dir='ltr'><em>in</em></span> <span class='ocrx_word' id='word_1_162' title='bbox 1715 1799 1773 1833; x_wconf 92' lang='lat' dir='ltr'><em>eo</em></span> 
     </span>
     <span class='ocr_line' id='line_1_23' title="bbox 70 1855 1773 1923; baseline -0.002 -14"><span class='ocrx_word' id='word_1_163' title='bbox 70 1859 238 1909; x_wconf 83' lang='lat' dir='ltr'><em>codice</em></span> <span class='ocrx_word' id='word_1_164' title='bbox 284 1861 470 1909; x_wconf 76' lang='lat' dir='ltr'><em>mutati</em></span> <span class='ocrx_word' id='word_1_165' title='bbox 507 1862 672 1921; x_wconf 85' lang='lat' dir='ltr'><em>erant,</em></span> <span class='ocrx_word' id='word_1_166' title='bbox 718 1860 847 1909; x_wconf 86' lang='lat' dir='ltr'><em>unde</em></span> <span class='ocrx_word' id='word_1_167' title='bbox 886 1855 938 1909; x_wconf 75' lang='grc' dir='ltr'>Μ</span> <span class='ocrx_word' id='word_1_168' title='bbox 977 1862 1228 1923; x_wconf 84' lang='lat' dir='ltr'><em>ceterique</em></span> <span class='ocrx_word' id='word_1_169' title='bbox 1269 1862 1611 1923; x_wconf 70' lang='lat' dir='ltr'><em>excerptorum</em></span> <span class='ocrx_word' id='word_1_170' title='bbox 1655 1859 1773 1908; x_wconf 86' lang='lat' dir='ltr'><em>libri</em></span> 
     </span>
     <span class='ocr_line' id='line_1_24' title="bbox 69 1934 299 1999; baseline 0 -17"><span class='ocrx_word' id='word_1_171' title='bbox 69 1934 299 1999; x_wconf 88' lang='lat' dir='ltr'><em>pendent.</em></span> 
     </span>
    </p>

    <p class='ocr_par' dir='ltr' id='par_1_13' title="bbox 70 2008 1778 2747">
     <span class='ocr_line' id='line_1_25' title="bbox 181 2008 1771 2073; baseline 0 -16"><span class='ocrx_word' id='word_1_172' title='bbox 181 2008 407 2058; x_wconf 86' lang='lat' dir='ltr'><em>Alterius</em></span> <span class='ocrx_word' id='word_1_173' title='bbox 452 2010 677 2059; x_wconf 86' lang='lat' dir='ltr'><em>familiae</em></span> <span class='ocrx_word' id='word_1_174' title='bbox 725 2009 769 2059; x_wconf 88' lang='grc' dir='ltr'><em>Δ</em></span> <span class='ocrx_word' id='word_1_175' title='bbox 818 2010 1046 2059; x_wconf 89' lang='lat' dir='ltr'><em>meliores</em></span> <span class='ocrx_word' id='word_1_176' title='bbox 1094 2011 1183 2073; x_wconf 84' lang='lat' dir='ltr'><em>qui</em></span> <span class='ocrx_word' id='word_1_177' title='bbox 1229 2012 1428 2059; x_wconf 81' lang='lat' dir='ltr'><em>exstant</em></span> <span class='ocrx_word' id='word_1_178' title='bbox 1474 2009 1666 2059; x_wconf 88' lang='lat' dir='ltr'><em>codices</em></span> <span class='ocrx_word' id='word_1_179' title='bbox 1713 2010 1771 2057; x_wconf 84' lang='lat' dir='ltr'><em>li-</em></span> 
     </span>
     <span class='ocr_line' id='line_1_26' title="bbox 70 2083 1774 2148; baseline -0.001 -15"><span class='ocrx_word' id='word_1_180' title='bbox 70 2084 227 2133; x_wconf 85' lang='lat' dir='ltr'><em>bellos</em></span> <span class='ocrx_word' id='word_1_181' title='bbox 271 2083 450 2132; x_wconf 90' lang='lat'>1—111</span> <span class='ocrx_word' id='word_1_182' title='bbox 479 2087 570 2147; x_wconf 83' lang='lat'><em>25,</em></span> <span class='ocrx_word' id='word_1_183' title='bbox 597 2086 627 2133; x_wconf 89' lang='grc'><strong>6</strong></span> <span class='ocrx_word' id='word_1_184' title='bbox 678 2088 728 2134; x_wconf 93' lang='lat' dir='ltr'><em>et</em></span> <span class='ocrx_word' id='word_1_185' title='bbox 766 2084 1055 2134; x_wconf 83' lang='lat' dir='ltr'>IVb—VH</span> <span class='ocrx_word' id='word_1_186' title='bbox 1100 2084 1344 2134; x_wconf 77' lang='lat' dir='ltr'><em>exhibent.</em></span> <span class='ocrx_word' id='word_1_187' title='bbox 1423 2100 1635 2148; x_wconf 90' lang='lat' dir='ltr'><em>quorum</em></span> <span class='ocrx_word' id='word_1_188' title='bbox 1677 2085 1774 2133; x_wconf 90' lang='lat' dir='ltr'><em>toti</em></span> 
     </span>
     <span class='ocr_line' id='line_1_27' title="bbox 72 2153 1774 2224; baseline -0.001 -16"><span class='ocrx_word' id='word_1_189' title='bbox 72 2158 245 2208; x_wconf 85' lang='lat' dir='ltr'><em>collati</em></span> <span class='ocrx_word' id='word_1_190' title='bbox 292 2162 411 2207; x_wconf 86' lang='lat' dir='ltr'><em>sunt</em></span> <span class='ocrx_word' id='word_1_191' title='bbox 454 2153 575 2220; x_wconf 84' lang='lat' dir='ltr'><em>AB,</em></span> <span class='ocrx_word' id='word_1_192' title='bbox 623 2176 679 2208; x_wconf 86' lang='lat' dir='ltr'><em>ex</em></span> <span class='ocrx_word' id='word_1_193' title='bbox 727 2163 870 2223; x_wconf 85' lang='lat' dir='ltr'><em>parte</em></span> <span class='ocrx_word' id='word_1_194' title='bbox 919 2154 975 2221; x_wconf 85' lang='lat' dir='ltr'><em>G,</em></span> <span class='ocrx_word' id='word_1_195' title='bbox 1023 2161 1146 2209; x_wconf 83' lang='lat' dir='ltr'><em>satis</em></span> <span class='ocrx_word' id='word_1_196' title='bbox 1193 2162 1342 2209; x_wconf 91' lang='lat' dir='ltr'><em>notus</em></span> <span class='ocrx_word' id='word_1_197' title='bbox 1390 2162 1465 2208; x_wconf 88' lang='lat' dir='ltr'><em>est</em></span> <span class='ocrx_word' id='word_1_198' title='bbox 1510 2159 1774 2224; x_wconf 87' lang='lat' dir='ltr'><em>Pragensis</em></span> 
     </span>
     <span class='ocr_line' id='line_1_28' title="bbox 71 2227 1774 2297; baseline 0 -15"><span class='ocrx_word' id='word_1_199' title='bbox 71 2233 191 2282; x_wconf 86' lang='lat' dir='ltr'><em>libri</em></span> <span class='ocrx_word' id='word_1_200' title='bbox 220 2227 263 2282; x_wconf 91' lang='lat' dir='ltr'><strong>B</strong></span> <span class='ocrx_word' id='word_1_201' title='bbox 295 2233 554 2297; x_wconf 84' lang='lat' dir='ltr'><em>gemellus,</em></span> <span class='ocrx_word' id='word_1_202' title='bbox 587 2234 676 2283; x_wconf 82' lang='lat' dir='ltr'><em>alii</em></span> <span class='ocrx_word' id='word_1_203' title='bbox 705 2236 869 2285; x_wconf 88' lang='lat' dir='ltr'><em>minus</em></span> <span class='ocrx_word' id='word_1_204' title='bbox 901 2236 1009 2284; x_wconf 89' lang='lat' dir='ltr'><em>noti</em></span> <span class='ocrx_word' id='word_1_205' title='bbox 1041 2234 1301 2284; x_wconf 84' lang='lat' dir='ltr'><em>accedunt:</em></span> <span class='ocrx_word' id='word_1_206' title='bbox 1342 2251 1398 2283; x_wconf 85' lang='lat' dir='ltr'><em>ex</em></span> <span class='ocrx_word' id='word_1_207' title='bbox 1430 2235 1508 2283; x_wconf 89' lang='lat' dir='ltr'><em>his</em></span> <span class='ocrx_word' id='word_1_208' title='bbox 1548 2236 1699 2297; x_wconf 79' lang='lat' dir='ltr'><em>stirps</em></span> <span class='ocrx_word' id='word_1_209' title='bbox 1735 2232 1774 2281; x_wconf 79' lang='lat' dir='ltr'>d</span> 
     </span>
     <span class='ocr_line' id='line_1_29' title="bbox 74 2302 1774 2377; baseline 0 -20"><span class='ocrx_word' id='word_1_210' title='bbox 74 2307 396 2357; x_wconf 75' lang='lat' dir='ltr'><em>constituitur</em></span> <span class='ocrx_word' id='word_1_211' title='bbox 443 2302 608 2375; x_wconf 84' lang='lat' dir='ltr'><em>(Stud.</em></span> <span class='ocrx_word' id='word_1_212' title='bbox 642 2309 692 2357; x_wconf 90' lang='grc' dir='ltr'>Π</span> <span class='ocrx_word' id='word_1_213' title='bbox 725 2304 835 2377; x_wconf 87' lang='grc'><strong>38).</strong></span> <span class='ocrx_word' id='word_1_214' title='bbox 914 2309 977 2358; x_wconf 88' lang='lat' dir='ltr'><em>ab</em></span> <span class='ocrx_word' id='word_1_215' title='bbox 1017 2325 1076 2357; x_wconf 88' lang='lat' dir='ltr'><em>ea</em></span> <span class='ocrx_word' id='word_1_216' title='bbox 1114 2310 1266 2358; x_wconf 84' lang='lat' dir='ltr'><em>alieni</em></span> <span class='ocrx_word' id='word_1_217' title='bbox 1307 2324 1410 2358; x_wconf 89' lang='lat' dir='ltr'><em>esse</em></span> <span class='ocrx_word' id='word_1_218' title='bbox 1450 2310 1538 2371; x_wconf 87' lang='lat' dir='ltr'><em>qui</em></span> <span class='ocrx_word' id='word_1_219' title='bbox 1578 2308 1774 2358; x_wconf 87' lang='lat' dir='ltr'><em>eosdem</em></span> 
     </span>
     <span class='ocr_line' id='line_1_30' title="bbox 75 2382 1775 2447; baseline 0 -16"><span class='ocrx_word' id='word_1_220' title='bbox 75 2382 271 2432; x_wconf 85' lang='lat' dir='ltr'><em>libellos</em></span> <span class='ocrx_word' id='word_1_221' title='bbox 310 2383 568 2432; x_wconf 79' lang='lat' dir='ltr'>continent</span> <span class='ocrx_word' id='word_1_222' title='bbox 604 2384 726 2433; x_wconf 78' lang='lat' dir='ltr'><em>Itali</em></span> <span class='ocrx_word' id='word_1_223' title='bbox 756 2388 976 2433; x_wconf 81' lang='lat' dir='ltr'><em>recentes</em></span> <span class='ocrx_word' id='word_1_224' title='bbox 1007 2383 1257 2445; x_wconf 83' lang='lat' dir='ltr'><em>videntur,</em></span> <span class='ocrx_word' id='word_1_225' title='bbox 1288 2387 1495 2447; x_wconf 88' lang='lat' dir='ltr'><em>propter</em></span> <span class='ocrx_word' id='word_1_226' title='bbox 1525 2384 1775 2433; x_wconf 85' lang='lat' dir='ltr'><em>vilitatem</em></span> 
     </span>
     <span class='ocr_line' id='line_1_31' title="bbox 76 2452 1774 2526; baseline 0.001 -21"><span class='ocrx_word' id='word_1_227' title='bbox 76 2474 106 2505; x_wconf 86' lang='lat' dir='ltr'><em>a</em></span> <span class='ocrx_word' id='word_1_228' title='bbox 143 2473 222 2506; x_wconf 91' lang='lat' dir='ltr'><em>me</em></span> <span class='ocrx_word' id='word_1_229' title='bbox 260 2458 474 2522; x_wconf 83' lang='lat' dir='ltr'><em>neglecti</em></span> <span class='ocrx_word' id='word_1_230' title='bbox 516 2452 681 2523; x_wconf 80' lang='lat' dir='ltr'>(Stud.</span> <span class='ocrx_word' id='word_1_231' title='bbox 704 2458 731 2507; x_wconf 95' lang='lat' dir='ltr'>I</span> <span class='ocrx_word' id='word_1_232' title='bbox 767 2460 833 2508; x_wconf 88' lang='lat'><em>15</em></span> <span class='ocrx_word' id='word_1_233' title='bbox 852 2474 923 2522; x_wconf 84' lang='lat' dir='ltr'><em>sq.</em></span> <span class='ocrx_word' id='word_1_234' title='bbox 962 2458 1015 2507; x_wconf 93' lang='lat' dir='ltr'><em>II</em></span> <span class='ocrx_word' id='word_1_235' title='bbox 1040 2452 1150 2526; x_wconf 90' lang='lat'>41).</span> <span class='ocrx_word' id='word_1_236' title='bbox 1227 2475 1386 2521; x_wconf 92' lang='lat' dir='ltr'><em>nuper</em></span> <span class='ocrx_word' id='word_1_237' title='bbox 1431 2459 1609 2508; x_wconf 89' lang='lat' dir='ltr'><em>horum</em></span> <span class='ocrx_word' id='word_1_238' title='bbox 1647 2461 1774 2507; x_wconf 85' lang='lat' dir='ltr'><em>tam-</em></span> 
     </span>
     <span class='ocr_line' id='line_1_32' title="bbox 76 2533 1774 2598; baseline 0 -18"><span class='ocrx_word' id='word_1_239' title='bbox 76 2548 226 2594; x_wconf 86' lang='lat' dir='ltr'><em>quam</em></span> <span class='ocrx_word' id='word_1_240' title='bbox 252 2533 633 2596; x_wconf 76' lang='lat' dir='ltr'><em>antesignanum</em></span> <span class='ocrx_word' id='word_1_241' title='bbox 658 2533 822 2583; x_wconf 82' lang='lat' dir='ltr'><em>detexi</em></span> <span class='ocrx_word' id='word_1_242' title='bbox 846 2533 1133 2583; x_wconf 83' lang='lat' dir='ltr'><em>Palatinum</em></span> <span class='ocrx_word' id='word_1_243' title='bbox 1165 2533 1283 2582; x_wconf 90' lang='lat' dir='ltr'><em>olim</em></span> <span class='ocrx_word' id='word_1_244' title='bbox 1308 2533 1774 2598; x_wconf 88' lang='lat' dir='ltr'><em>Heidelbergensem</em></span> 
     </span>
     <span class='ocr_line' id='line_1_33' title="bbox 77 2603 1778 2672; baseline 0.001 -18"><span class='ocrx_word' id='word_1_245' title='bbox 77 2622 206 2655; x_wconf 85' lang='lat' dir='ltr'><em>nunc</em></span> <span class='ocrx_word' id='word_1_246' title='bbox 247 2606 543 2656; x_wconf 80' lang='lat' dir='ltr'><em>Vaticanum</em></span> <span class='ocrx_word' id='word_1_247' title='bbox 597 2610 736 2657; x_wconf 85' lang='lat'>1579</span> <span class='ocrx_word' id='word_1_248' title='bbox 786 2623 910 2658; x_wconf 84' lang='lat' dir='ltr'><em>saec.</em></span> <span class='ocrx_word' id='word_1_249' title='bbox 944 2603 1206 2672; x_wconf 82' lang='lat' dir='ltr'><em>xllsxm,</em></span> <span class='ocrx_word' id='word_1_250' title='bbox 1253 2609 1342 2670; x_wconf 85' lang='lat' dir='ltr'><em>qui</em></span> <span class='ocrx_word' id='word_1_251' title='bbox 1389 2609 1686 2657; x_wconf 86' lang='lat' dir='ltr'><em>auctoritate</em></span> <span class='ocrx_word' id='word_1_252' title='bbox 1726 2610 1778 2656; x_wconf 94' lang='lat' dir='ltr'><em>et</em></span> 
     </span>
     <span class='ocr_line' id='line_1_34' title="bbox 77 2676 1775 2747; baseline 0.001 -18"><span class='ocrx_word' id='word_1_253' title='bbox 77 2684 242 2729; x_wconf 88' lang='lat' dir='ltr'><em>aetate</em></span> <span class='ocrx_word' id='word_1_254' title='bbox 297 2682 658 2732; x_wconf 83' lang='lat' dir='ltr'><em>vetustissimos</em></span> <span class='ocrx_word' id='word_1_255' title='bbox 713 2683 882 2746; x_wconf 87' lang='lat' dir='ltr'><em>stirpis</em></span> <span class='ocrx_word' id='word_1_256' title='bbox 937 2682 978 2732; x_wconf 76' lang='grc' dir='ltr'><em>ό</em></span> <span class='ocrx_word' id='word_1_257' title='bbox 1032 2682 1223 2732; x_wconf 85' lang='lat' dir='ltr'><em>codices</em></span> <span class='ocrx_word' id='word_1_258' title='bbox 1278 2676 1366 2731; x_wconf 83' lang='lat' dir='ltr'><em>BG</em></span> <span class='ocrx_word' id='word_1_259' title='bbox 1424 2683 1570 2747; x_wconf 85' lang='lat' dir='ltr'><em>Prag.</em></span> <span class='ocrx_word' id='word_1_260' title='bbox 1611 2683 1775 2731; x_wconf 87' lang='lat' dir='ltr'><em>nescio</em></span> 
     </span>
    </p>
   </div>
   <div class='ocr_carea' id='block_1_9' title="bbox 79 2810 1776 2985">
    <p class='ocr_par' dir='ltr' id='par_1_14' title="bbox 79 2810 1776 2985">
     <span class='ocr_line' id='line_1_35' title="bbox 199 2810 1775 2868; baseline 0.002 -16"><span class='ocrx_word' id='word_1_261' title='bbox 199 2812 242 2865; x_wconf 88' lang='lat'><em>1)</em></span> <span class='ocrx_word' id='word_1_262' title='bbox 273 2814 298 2863; x_wconf 60' lang='grc' dir='ltr'>ᾗ</span> <span class='ocrx_word' id='word_1_263' title='bbox 326 2814 379 2853; x_wconf 78' lang='lat'><em>15</em></span> <span class='ocrx_word' id='word_1_264' title='bbox 411 2823 505 2854; x_wconf 81' lang='lat' dir='ltr'><em>mm</em></span> <span class='ocrx_word' id='word_1_265' title='bbox 536 2810 649 2854; x_wconf 71' lang='lat' dir='ltr'><em>num</em></span> <span class='ocrx_word' id='word_1_266' title='bbox 677 2810 809 2864; x_wconf 78' lang='lat' dir='ltr'><em>fidem</em></span> <span class='ocrx_word' id='word_1_267' title='bbox 842 2812 1059 2855; x_wconf 67' lang='lat' dir='ltr'><em>tirannus</em></span> <span class='ocrx_word' id='word_1_268' title='bbox 1081 2812 1252 2867; x_wconf 80' lang='lat' dir='ltr'><em>eripuit</em></span> <span class='ocrx_word' id='word_1_269' title='bbox 1275 2824 1368 2855; x_wconf 72' lang='lat' dir='ltr'><em>non</em></span> <span class='ocrx_word' id='word_1_270' title='bbox 1400 2810 1472 2868; x_wconf 80' lang='lat' dir='ltr'><em>[in</em></span> <span class='ocrx_word' id='word_1_271' title='bbox 1495 2811 1694 2855; x_wconf 81' lang='lat' dir='ltr'><em>aliorum</em></span> <span class='ocrx_word' id='word_1_272' title='bbox 1719 2834 1775 2843; x_wconf 89' lang='lat'><strong>—</strong></span> 
     </span>
     <span class='ocr_line' id='line_1_36' title="bbox 79 2868 1776 2929; baseline 0.001 -17"><span class='ocrx_word' id='word_1_273' title='bbox 79 2869 163 2913; x_wconf 72' lang='lat' dir='ltr'><em>diu</em></span> <span class='ocrx_word' id='word_1_274' title='bbox 195 2869 307 2928; x_wconf 70' lang='lat' dir='ltr'><em>ou]</em></span> <span class='ocrx_word' id='word_1_275' title='bbox 332 2869 511 2926; x_wconf 79' lang='lat' dir='ltr'><em>publici</em></span> <span class='ocrx_word' id='word_1_276' title='bbox 541 2870 686 2914; x_wconf 71' lang='lat' dir='ltr'><em>hostes</em></span> <span class='ocrx_word' id='word_1_277' title='bbox 717 2869 982 2928; x_wconf 78' lang='lat' dir='ltr'><em>[antequam</em></span> <span class='ocrx_word' id='word_1_278' title='bbox 1013 2872 1091 2915; x_wconf 76' lang='lat' dir='ltr'><em>eui</em></span> <span class='ocrx_word' id='word_1_279' title='bbox 1113 2871 1223 2929; x_wconf 91' lang='lat' dir='ltr'><em>om.]</em></span> <span class='ocrx_word' id='word_1_280' title='bbox 1250 2884 1382 2927; x_wconf 78' lang='lat' dir='ltr'><em>prop.</em></span> <span class='ocrx_word' id='word_1_281' title='bbox 1434 2869 1602 2913; x_wconf 80' lang='lat' dir='ltr'><em>deletis</em></span> <span class='ocrx_word' id='word_1_282' title='bbox 1627 2868 1776 2913; x_wconf 89' lang='lat' dir='ltr'><em>nomi-</em></span> 
     </span>
     <span class='ocr_line' id='line_1_37' title="bbox 80 2927 856 2985; baseline 0.003 -13"><span class='ocrx_word' id='word_1_283' title='bbox 80 2927 220 2972; x_wconf 71' lang='lat' dir='ltr'><em>nibus</em></span> <span class='ocrx_word' id='word_1_284' title='bbox 251 2927 453 2985; x_wconf 73' lang='lat' dir='ltr'><em>propriis</em></span> <span class='ocrx_word' id='word_1_285' title='bbox 484 2928 533 2972; x_wconf 90' lang='lat' dir='ltr'><em>in</em></span> <span class='ocrx_word' id='word_1_286' title='bbox 565 2933 609 2972; x_wconf 70' lang='grc' dir='ltr'>Ι</span> <span class='ocrx_word' id='word_1_287' title='bbox 641 2929 856 2974; x_wconf 84' lang='lat' dir='ltr'><em>traditur.</em></span> 
     </span>
    </p>
   </div>
  </div>
 </body>
</html>
