1988 3138
467 84 694 129 NATUR.
727 83 980 139 QUAEST.
1011 84 1122 129 LIB.
1153 84 1220 129 IV
1231 98 1273 132 a.
1305 84 1519 128 PRAEF.
1738 85 1844 138 139

140 206 437 277 prehensus
476 210 571 274 est,
620 206 860 276 proficit,
908 207 1031 275 plus
1071 206 1394 274 etiamnunc,
1445 206 1491 259 si
1531 207 1844 278 obiurgatus

140 286 237 350 est,
278 283 325 334 si
356 282 582 335 erubuit.
643 281 855 333 futuros
895 281 1095 333 multos
1136 281 1193 332 in
1223 299 1452 349 persona
1491 285 1584 334 tua
1614 281 1843 336 Plancos

142 357 321 427 cogita
374 360 428 409 et
479 355 584 409 hoc
637 373 749 408 non
801 373 916 408 esse
968 355 1265 408 remedium
1320 357 1456 408 tanti
1502 357 1653 424 mali,
1698 359 1844 410 nolle

139 431 358 483 laudari.
439 428 658 499 Crispus
697 429 981 482 Passienus
990 471 1004 498 ,
1045 448 1151 498 quo
1192 448 1292 500 ego
1329 431 1411 482 nil
1450 432 1681 501 cognovi
1723 432 1843 484 sub-

0 540 7 556 .
93 526 116 560 5
139 505 288 557 tilius
351 505 407 557 in
460 504 709 557 omnibus
761 504 977 572 quidem
1029 504 1188 556 rebus
1198 546 1212 571 ,
1264 506 1494 558 maxime
1549 506 1605 557 in
1661 506 1845 559 distin-

139 579 363 650 guendis
425 583 479 631 et
540 578 787 632 curandis
840 579 988 630 vitiis
997 620 1012 646 ,
1074 597 1231 647 saepe
1286 579 1496 631 dicebat
1547 580 1845 634 adulationi

137 670 233 707 nos
280 672 391 706 non
440 653 683 706 claudere
735 653 934 706 ostium
986 653 1078 706 sed
1127 654 1345 722 operire,
1396 657 1449 706 et
1495 655 1710 722 quidem
1752 657 1843 723 sic,
1984 717 1988 724 .

139 728 588 797 quemadmodum
629 728 834 796 opponi
872 729 1072 781 amicae
1113 729 1272 781 solet:
1327 746 1463 796 quae
1515 729 1560 781 si
1611 731 1842 799 impulit,
1924 742 1928 747 ’

0 838 17 901 4
138 806 290 873 grata
328 806 431 871 est3
478 803 694 873 gratior,
734 803 779 854 si
819 803 1040 872 effregit.
1121 801 1513 855 Demetrium
1566 805 1842 875 egregium
1876 819 1900 858 7

8 917 22 933 f
56 898 115 931 >ιο
137 877 313 929 virum
351 877 574 930 memini
613 877 786 930 dicere
827 877 1037 930 cuidam
1077 878 1328 930 libertino
1367 879 1578 946 potenti
1627 880 1841 932 facilem

0 944 24 1013 f
137 951 241 1004 sibi
279 970 394 1004 esse
433 951 501 1003 ad
539 952 752 1004 divitias
791 952 957 1019 viam,
1009 970 1116 1020 quo
1158 952 1242 1004 die
1281 952 1633 1020 paenituisset
1671 954 1841 1007 bonae

4 1025 12 1034 “
136 1027 346 1079 mentis
431 1025 548 1080 ‘nec
598 1025 886 1094 invidebo',
936 1026 1136 1095 inquit,
1189 1027 1360 1079 ‘vobis
1411 1026 1514 1079 hac
1564 1032 1697 1098 arte,
1749 1029 1842 1082 sed

137 1100 339 1154 docebo
378 1118 484 1168 eoa,
536 1101 730 1170 quibus
771 1101 1014 1170 quaesito
1054 1119 1190 1170 opus
1238 1105 1339 1169 est,
1392 1103 1841 1170 quemadmodum

132 1192 245 1228 non
283 1175 500 1228 dubiam
538 1175 811 1228 fortunam
850 1176 1013 1228 maris
1022 1218 1036 1244 ,
1075 1194 1186 1229 non
1223 1176 1434 1229 emendi
1471 1178 1842 1247 vendendique

0 1275 12 1331 ει
68 1270 112 1304 1⁶
134 1250 285 1303 litem
335 1250 575 1317 subeant,
624 1269 734 1303 non
785 1250 1039 1304 incertam
1085 1251 1246 1303 fidem
1293 1250 1450 1318 ruriS,
1499 1252 1840 1306 incertiorem

134 1324 240 1377 fori
290 1328 579 1393 temptent,
630 1325 1083 1393 quemadmodum
1137 1344 1247 1378 non
1306 1326 1482 1378 solum
1541 1327 1688 1380 facili
1748 1328 1840 1380 sed

0 1446 8 1467 3
133 1400 295 1451 etiam
347 1399 508 1451 hilari
556 1400 645 1452 via
702 1401 986 1469 pecuniam
1045 1400 1248 1454 faciant
1304 1400 1702 1471 gaudentesque
1754 1402 1839 1455 de-

0 1500 6 1529 ·
134 1474 402 1542 spolient?
474 1473 582 1541 ‘te’,
621 1474 812 1543 inquit,
854 1475 1174 1546 ‘longiorem
1212 1474 1346 1527 Fido
1386 1474 1608 1530 Annaeo
1650 1478 1836 1530 iurabo
1870 1490 1896 1530 8

0 1551 7 1616 ζ
133 1553 188 1601 et
225 1547 520 1617 Apollonio
566 1552 750 1618 pycte,
790 1550 1034 1617 quamvis
1083 1553 1341 1602 staturam
1388 1547 1585 1604 habeas
1626 1551 1838 1619 pitheci

63 1640 250 1676 mcum
305 1621 541 1677 Thraece
596 1624 905 1693 compositi3
959 1623 1234 1677 hominem
1290 1623 1507 1693 quidem
1560 1645 1668 1679 non
1724 1645 1837 1680 esse

131 1698 304 1750 ullum
343 1698 702 1751 liberaliorem
735 1716 845 1751 non
875 1700 1118 1766 mentiar,
1158 1718 1279 1752 cum
1313 1701 1486 1768 possis
1518 1701 1687 1754 videri
1726 1720 1839 1754 om-

4 1831 6 1834 ,
131 1772 289 1825 nibus
316 1772 554 1839 donasse,
580 1773 838 1842 quicquid
869 1773 1234 1842 dereliquisti.'
1288 1776 1364 1827 ita
1395 1778 1491 1843 est,
1522 1776 1598 1828 mi
1629 1774 1836 1830 Iunior:
1870 1790 1896 1829 9

0 1864 12 1908 ἃ

2 1964 19 2007 >
251 1960 280 1999 9
311 1956 536 2001 Demetrii
559 1957 786 2014 placitum
818 1957 936 2002 deest
967 1958 1096 2014 apud
1128 1960 1351 2005 Zellerum
1382 1962 1478 2006 III
1494 1960 1546 2004 1³
1568 1975 1619 2017 p.
1647 1964 1748 2006 767.

0 1078 18 1132 ’1

250 2131 279 2170 2
294 2141 494 2184 persona
510 2129 612 2185 tua]
630 2128 870 2185 provincia
886 2131 970 2173 tua
988 2129 1185 2175 Fortun.
1202 2145 1451 2188 personam
1468 2134 1597 2176 tuam
1618 2133 1833 2178 Pivneian.

127 2189 333 2290 muta
358 2186 465 2242 Leo,
497 2202 541 2245 p.
567 2190 673 2231 tuta
700 2188 776 2232 Ge.
811 2189 1047 2245 praetorio
1073 2193 1155 2234 tuo
1179 2191 1248 2236 vel
1279 2192 1367 2251 [in]
1394 2195 1668 2250 personatos
1697 2194 1833 2238 Ross-

258 2249 272 2302 Π
298 2251 323 2290 5
348 2246 506 2306 rebus!
536 2249 642 2303 sort.
668 2247 750 2292 sed
775 2249 882 2292 add.
912 2249 990 2294 Ge.
1014 2251 1028 2306 ΙΙ
1053 2254 1081 2293 Β
1105 2250 1252 2309 vitiis]
1276 2252 1392 2296 uitis
1417 2252 1608 2297 Skutsch
1636 2255 1640 2308 Ι
1671 2252 1835 2297 adula-

129 2306 249 2350 tioni
274 2320 358 2350 nos
377 2308 567 2366 Mur-ea]
594 2307 961 2363 adulationibus,
985 2311 1044 2364 ef.
1059 2310 1188 2355 Dial.
1208 2314 1253 2365 9,
1270 2315 1311 2366 1,
1330 2316 1389 2356 16
1413 2313 1427 2368 ΙΙ
1451 2317 1476 2355 7
1496 2313 1603 2370 ost]
1629 2313 1834 2357 hostium

128 2366 248 2410 trad.
285 2368 291 2421 Ι
326 2367 508 2423 operire
543 2367 694 2426 Mem]
735 2368 916 2424 aperire
947 2370 961 2424 ΙΙ
992 2373 1044 2412 10
1084 2369 1292 2429 cuidam]
1332 2372 1526 2427 quidam
1558 2373 1593 2416 λ
1625 2373 1639 2428 ΙΙ
1670 2377 1722 2415 12
1762 2373 1833 2416 in-

129 2424 323 2485 uidebo]
371 2426 563 2470 inuideo
609 2428 644 2471 λ
690 2429 705 2484 fl
750 2430 802 2471 13
849 2429 1119 2488 qu(a)esito]
1166 2431 1224 2485 cf.
1272 2431 1362 2476 Cic.
1397 2432 1572 2476 Parad.
1616 2433 1686 2475 VI
1713 2436 1774 2477 46
1820 2435 1833 2489 ΙΙ

128 2489 180 2527 15
212 2484 365 2543 litem]
410 2485 562 2531 aleam
592 2486 760 2531 Mur-et.
805 2487 959 2531 uicem
983 2489 1127 2533 Ko‘ler
1160 2491 1167 2546 Ι
1203 2489 1431 2535 incertam
1464 2491 1603 2536 fidem
1628 2493 1718 2550 Tz]
1764 2492 1830 2534 in-

129 2547 260 2589 certa
292 2541 383 2589 fide
414 2548 428 2601 11
458 2550 509 2588 18
545 2546 628 2589 ‘te'
657 2546 831 2606 inquit]
862 2548 1087 2603 fautorem
1112 2556 1431 2606 quaestuosum
1462 2552 1555 2595 iam
1581 2552 1834 2607 alloquitur

127 2603 348 2649 adulator
376 2610 648 2661 personatus
675 2609 680 2662 Ι
708 2607 870 2650 Anneo
901 2607 949 2666 11]
981 2621 1042 2652 an
1074 2623 1177 2653 meo
1202 2623 1256 2653 eo
1281 2611 1295 2666 ΙΙ
1318 2614 1370 2653 19
1393 2611 1554 2669 pycte]
1586 2611 1743 2667 pictae
1767 2612 1835 2655 vel

128 2663 255 2719 picto
282 2665 335 2708 Φ
358 2667 500 2721 pycta
524 2666 722 2710 Fortun.
748 2666 900 2725 πύκτῃ
928 2667 1007 2711 Ge.
1036 2671 1042 2722 1
1070 2669 1246 2724 pitheci
1279 2683 1386 2714 cum
1414 2670 1567 2729 Kroll]
1599 2671 1831 2715 thecisum

130 2723 360 2782 ςθῙθρΖ
392 2724 602 2778 th⁶usum
628 2726 678 2778 λ,
717 2739 820 2769 cum
853 2741 930 2770 em.
966 2726 1180 2784 Lipsius,
1218 2730 1300 2785 qui
1329 2729 1522 2774 Threcia
1555 2743 1659 2773 cum
1692 2732 1832 2774 coni.:

131 2787 201 2829 [αἱ
232 2784 289 2836 cf.
318 2784 372 2827 P.
396 2784 441 2828 J.
462 2784 630 2829 Meien'
661 2785 715 2828 cle
745 2784 868 2843 ylacl.
897 2787 1027 2832 Rom.
1055 2789 1208 2832 Bonn.
1236 2793 1356 2833 1881
1380 2804 1425 2845 p.
1445 2793 1555 2844 34),
1588 2790 1699 2833 nani
1726 2804 1829 2833 cum

8 2889 11 2898 Δ
132 2841 439 2888 Friedlc‘a‘nder
464 2845 749 2900 Sittenyesch.
769 2844 910 2890 Roms
934 2847 1020 2890 11⁶
1047 2851 1149 2891 435.
1174 2850 1188 2905 ΙΙ
1213 2852 1271 2891 20
1288 2848 1463 2893 Threce
1490 2850 1607 2893 trad.
1634 2855 1672 2893 et
1697 2850 1831 2906 vul-qo

4 2921 18 2966 9
127 2915 212 2945 scr.
238 2904 253 2957 ΙΙ
283 2906 335 2945 21
366 2901 515 2947 ullum
546 2904 639 2963 QZ]
681 2903 814 2948 illum
846 2908 860 2961 ΙΙ
891 2909 950 2949 22
982 2905 1067 2964 mi]
1108 2907 1286 2963 mi(-c')hi
1319 2912 1516 2965 umor

7 3042 35 3138 i
