1988 3138
74 1867 132 1907 10

163 92 271 144 170
400 155 421 159 ἱ
699 93 749 137 L.
782 92 1019 137 ANNAEI
1050 92 1324 138 SENECAE

161 215 478 267 comessatio
505 214 664 266 altius
690 214 896 285 mersit3
929 215 1118 268 deinde
1142 233 1435 283 numquam
1459 215 1760 268 intermissa
1785 217 1861 268 in-

160 289 512 357 temperantia
544 289 800 357 quicquid
832 290 995 341 animi
1028 289 1277 343 decorum
1311 294 1422 341 erat
1453 290 1690 342 efferavit
1720 293 1774 343 et
1805 291 1861 342 in

161 363 481 416 desiderium
523 382 732 432 semper
762 364 889 416 novi
918 364 1113 434 rigoris
1146 364 1399 416 accendit.
1463 365 1645 432 itaque
1680 383 1860 433 quam-

159 437 240 489 vis
282 437 614 490 cenationem
653 438 786 490 velis
842 456 903 490 ac
943 438 1308 506 specularibus
1348 440 1593 490 muniant
1645 442 1697 491 et
1737 440 1859 509 igne

159 513 330 563 multo
373 512 590 564 doment
626 511 873 580 hiemem,
913 512 1262 565 nihilominus
1303 512 1607 565 stomachus
1648 512 1739 566 ille
1780 532 1859 565 so·
1907 534 1926 566 5

159 587 304 638 lutus
346 590 398 638 et
437 590 586 638 aestu
626 605 722 638 suo
768 587 1054 657 languidus
1098 587 1307 655 quaerit
1346 587 1573 655 aliquid,
1616 605 1720 656 quo
1762 588 1860 640 eri-

161 663 328 730 gatur.
407 679 530 712 nam
583 660 722 713 sicut
761 662 938 713 animo
977 662 1193 714 relictos
1235 665 1617 730 stupentesque
1664 661 1862 731 frigida

161 735 477 804 spargimus,
516 738 577 787 ut
617 735 682 787 ad
722 754 936 788 sensum
977 737 1060 787 sui
1099 736 1339 803 redeant,
1380 737 1454 788 ita
1493 737 1695 789 viscera
1736 737 1861 788 isto-

159 827 279 861 rum
329 808 474 861 vitiis
530 811 798 878 torpentia
851 809 989 862 nihil
1043 811 1303 879 sentiunt,
1356 810 1459 863 nisi
1514 811 1713 880 frigore
1769 809 1862 862 illa

162 883 556 936 vehementiore
606 884 912 952 perusseris.
992 885 1114 937 inde
1165 888 1267 953 est,
1319 885 1560 953 inquam,
1613 885 1756 953 quod
1795 904 1860 937 ne
1887 906 1929 938 10

161 957 282 1010 nive
323 958 537 1027 quidem
579 959 817 1011 contenti
857 962 1003 1027 sunt,
1054 959 1146 1011 sed
1197 959 1443 1029 glaciem,
1483 961 1630 1012 velut
1670 960 1863 1012 certior

162 1033 242 1084 illi
294 1051 359 1085 ex
410 1033 579 1085 solido
630 1034 779 1103 rigor
829 1034 920 1102 sit,
972 1034 1263 1101 exquirunt
1314 1052 1374 1086 ac
1426 1052 1581 1102 saepe
1620 1034 1861 1102 repetitis

162 1106 314 1175 aquis
352 1107 583 1159 diluunt:
627 1126 763 1175 quae
801 1127 912 1160 non
951 1127 978 1160 e
1019 1126 1227 1160 summo
1268 1108 1478 1160 tollitur
1518 1108 1622 1175 sed,
1661 1112 1722 1160 ut
1752 1109 1861 1159 vim

160 1182 417 1234 maiorem
467 1181 661 1234 habeat
711 1185 764 1235 et
808 1183 1134 1251 pertinacius
1185 1183 1371 1252 frigus,
1411 1201 1475 1234 ex
1515 1182 1696 1235 abdito
1738 1183 1862 1235 effo-

163 1255 316 1307 ditur.
396 1257 576 1324 itaque
614 1275 681 1308 ne
720 1275 887 1308 unum
929 1257 1143 1325 quidem
1184 1257 1296 1309 eius
1346 1260 1424 1309 est
1470 1258 1723 1325 pretium,
1773 1257 1863 1309 sed
1889 1276 1929 1309 15

161 1329 322 1383 habet
361 1331 632 1383 institores
674 1349 811 1399 aqua
850 1334 902 1383 et
943 1350 1207 1383 annonam
1242 1329 1362 1401 (pro
1396 1330 1614 1401 pudori)
1647 1332 1860 1383 variam.

160 1405 541 1474 unguentarios
582 1405 988 1458 Lacedaemonii
1027 1406 1157 1458 urbe
1197 1407 1515 1474 expulerunt
1555 1409 1607 1458 et
1638 1424 1863 1474 propere

164 1479 347 1532 cedere
386 1479 582 1532 finibus
623 1481 731 1532 suis
772 1481 1053 1548 iusserunt,
1095 1480 1222 1548 quia
1262 1481 1438 1532 oleum
1481 1480 1862 1549 disperderent:

166 1554 297 1622 quid
336 1553 416 1606 illi
455 1554 720 1622 fecissent,
762 1555 806 1606 si
845 1555 1103 1607 vidissent
1140 1555 1476 1624 reponendae
1516 1555 1654 1606 nivis
1696 1555 1862 1607 offici-

162 1647 256 1680 nas
297 1631 349 1680 et
388 1631 470 1681 tot
508 1629 744 1681 iumenta
782 1629 1073 1698 portandae
1114 1647 1279 1696 aquae
1314 1629 1677 1698 deservientia,
1712 1630 1861 1681 cuius
1887 1649 1929 1680 20

165 1704 397 1756 colorem
451 1721 800 1772 saporemque
851 1705 1043 1772 paleis,
1084 1705 1277 1772 quibus
1319 1704 1650 1771 custodiunt,
1690 1704 1862 1772 inqui-

162 1777 327 1829 nant?
404 1781 473 1845 at,
515 1778 588 1829 dii
637 1779 788 1846 boni,
829 1796 988 1846 quam
1039 1779 1196 1832 facile
1237 1782 1316 1830 est
1367 1779 1677 1847 extinguere
1717 1777 1863 1830 sitim

165 1853 368 1904 sanam!
447 1852 538 1904 sed
578 1853 707 1920 quid
758 1853 952 1905 sentire
1003 1856 1230 1921 possunt
1269 1855 1540 1905 emortuae
1591 1853 1770 1906 fauces
1812 1856 1865 1904 et

166 1927 452 1978 occallatae
495 1926 627 1979 cibis
669 1926 1011 1979 ardentibus?
1091 1927 1539 1995 quemadmodum
1579 1926 1716 1978 nihil
1755 1927 1863 1979 illis

165 2001 292 2053 satis
331 2001 602 2071 frigidum,
643 2002 719 2054 sic
757 2001 894 2053 nihil
933 2003 1059 2053 satis
1101 2001 1331 2054 calidum
1364 2004 1457 2068 est,
1498 2001 1589 2053 sed
1621 2001 1862 2053 ardentes
1887 2021 1929 2053 25

283 2196 306 2234 1
339 2191 499 2251 altius]
545 2192 737 2236 alterius
770 2194 804 2236 λ
839 2193 845 2251 Ι
880 2193 1062 2236 interm.
1096 2206 1351 2247 numquam
1382 2193 1478 2236 coll.
1513 2194 1547 2236 λ
1582 2194 1596 2247 ΙΙ
1635 2197 1663 2235 2
1696 2191 1859 2248 animi]

164 2251 324 2295 anima
356 2256 384 2294 z
441 2252 580 2295 auide
613 2257 685 2295 Es
741 2254 995 2308 antequam
1026 2257 1053 2294 J
1059 2251 1075 2276 ²
1125 2254 1129 2307 1
1183 2252 1401 2295 (1000111111
1434 2254 1534 2295 erat
1566 2252 1624 2294 E.
1652 2251 1860 2308 Pernice]

164 2311 415 2354 decoxerat
450 2314 502 2355 Φ
540 2313 728 2355 coxerat
760 2317 791 2354 L
824 2314 896 2369 (cf.
930 2315 1019 2369 Es)
1065 2312 1347 2366 decoquerat
1379 2316 1407 2353 Ζ
1453 2311 1692 2355 detexerat
1725 2311 1776 2364 ὅ,
1809 2310 1862 2354 de

165 2371 366 2415 Neronis
397 2372 576 2416 decocta
609 2373 685 2427 (cf.
720 2371 887 2415 Studia
918 2386 1017 2415 mea
1048 2372 1083 2414 I
1101 2374 1189 2414 314
1221 2375 1263 2414 et
1294 2374 1402 2426 179)
1435 2373 1603 2428 coyitat
1634 2370 1750 2423 Leo,
1783 2371 1863 2425 qui

164 2430 290 2473 niuis
338 2430 596 2484 decoxerat,
646 2430 862 2474 efferbuit·
907 2431 1023 2475 coni.
1063 2432 1077 2487 ΙΙ
1118 2435 1143 2472 3
1190 2430 1377 2488 rigoris]
1426 2429 1613 2486 frigoris
1651 2429 1817 2473 Koezer
1847 2430 1860 2484 ΙΙ

166 2494 194 2532 4
225 2490 459 2547 muniant]
506 2490 722 2533 minuant
754 2492 788 2534 λ
833 2490 1074 2533 minuatur
1103 2495 1136 2532 P
1174 2492 1188 2546 Η
1227 2496 1251 2533 7
1286 2489 1478 2547 frigida]
1525 2502 1648 2544 aqua
1693 2489 1748 2532 fr.
1782 2492 1860 2530 BE

165 2548 220 2592 fr.
255 2562 378 2604 aqua
409 2554 436 2592 J
443 2549 459 2573 ²
489 2551 503 2606 Η
536 2555 560 2592 8
595 2563 780 2593 8011811111
811 2549 952 2608 ΔΞΦ]
987 2550 1195 2593 animum
1227 2551 1265 2593 δ
1291 2553 1298 2606 1
1326 2549 1522 2592 istorum
1552 2548 1684 2591 uitiis
1717 2548 1860 2604 (intus

163 2610 215 2668 ρ)
245 2609 315 2666 Φ]
349 2623 431 2652 om.
459 2610 496 2653 δ
520 2611 533 2666 Η
558 2614 608 2651 10
638 2609 915 2667 perusseris]
950 2609 1154 2663 defendit
1179 2609 1358 2662 Kerer,
1387 2607 1649 2665 perfuderis
1683 2609 1720 2651 δ
1758 2620 1860 2663 per-

165 2669 364 2712 cusseris
403 2668 495 2710 P2'S
528 2669 719 2713 Skutsch
761 2672 766 2725 Ι
809 2682 867 2712 110
914 2670 1003 2726 FS]
1059 2682 1145 2712 nec
1190 2670 1204 2724 ΙΙ
1251 2673 1296 2710 11
1343 2667 1551 2725 quidem]
1607 2682 1690 2711 om.
1730 2671 1807 2723 ηΕ
1847 2669 1860 2722 Η

167 2732 216 2771 17
249 2728 494 2785 unguent]
538 2730 729 2784 ungent.
763 2729 922 2784 HLzu
947 2733 998 2770 19
1029 2727 1269 2785 fecissent]
1318 2741 1401 2771 om.
1448 2728 1537 2783 ηθ·
1580 2726 1585 2784 1
1629 2726 1668 2769 si
1714 2726 1860 2768 uidis-

166 2788 290 2845 sent]
323 2802 406 2831 om.
455 2788 508 2828 Ζ1
546 2790 560 2844 Η
599 2792 658 2831 23
705 2788 841 2845 sent]
892 2801 940 2830 se
988 2787 1159 2831 sentire
1190 2787 1376 2829 FHP¹Z
1415 2788 1429 2842 ΙΙ
1468 2790 1526 2828 24
1566 2785 1859 2841 occallat<a)e

167 2851 194 2889 J
200 2846 274 2904 ΞΖ]
308 2846 537 2890 occallata
569 2849 603 2890 λ
650 2847 863 2891 occalata
894 2849 980 2905 θρ
1029 2846 1263 2890 decallata
1295 2851 1329 2888 Ε
1377 2845 1610 2888 occultate
1642 2847 1679 2889 δ
1720 2847 1724 2900 Ι
1763 2844 1859 2887 illis

167 2908 207 2950 δ
215 2907 268 2964 F]
301 2906 373 2949 illi
412 2909 426 2963 Η
464 2911 520 2949 25
554 2907 693 2964 nihil]
726 2920 811 2950 nec
843 2908 877 2950 λ
917 2910 922 2963 Ι
963 2907 1051 2964 est]
1085 2912 1190 2950 ante
1222 2906 1287 2948 810
1320 2906 1402 2949 δλ
1433 2905 1530 2949 coll.
