1988 3138
246 95 353 147 258
400 155 413 158 ,
781 94 828 137 L.
863 93 1097 137 ANNAEI
1130 92 1402 137 SENECAE

246 218 385 269 inter
435 215 847 269 innumerabiles
902 215 1097 283 stellas,
1138 234 1272 284 quae
1309 219 1523 269 noctem
1565 217 1752 270 decore
1790 219 1937 270 vario

160 303 163 306 ’
247 292 601 362 distinguunt,
642 309 776 359 quae
815 289 1035 341 minime
1074 308 1295 343 vacuam
1337 294 1390 342 et
1437 291 1660 342 inertem
1700 310 1811 344 esse
1850 311 1940 360 pa-

246 367 468 434 tiuntur,
509 367 745 434 quinque
786 365 925 416 solas
966 382 1093 430 esse,
1134 364 1328 432 quibus
1381 383 1623 418 exercere
1664 384 1718 417 se
1768 365 1939 433 liceat,

248 444 447 493 ceteras
490 443 629 492 stare
667 439 835 490 fixum
876 441 929 490 et
968 438 1298 491 immobilem
1339 440 1635 507 populum?

357 515 443 567 25.
486 513 543 567 Si
576 514 696 582 quis
735 513 840 565 hoc
879 512 998 565 loco
1033 531 1116 564 me
1149 513 1558 582 interrogaverit
1599 514 1780 582 ‘quare
1814 531 1938 584 ergo
1987 561 1988 565 ,

244 609 368 657 non,
411 587 857 658 quemadmodum
899 588 1134 655 quinque
1175 587 1467 654 stellarum,
1506 588 1582 640 ita
1619 588 1809 640 harum
1850 589 1940 640 ob-

246 668 483 718 servatus
517 667 597 716 est
630 661 884 729 cursus‘P’,
924 661 1050 715 huic
1082 679 1181 731 ego
1213 661 1568 730 respondebo:
1601 662 1771 714 multa
1804 666 1940 730 sunt,

187 755 212 791 ⁶2
248 758 382 808 quae
423 757 536 791 esse
578 737 938 802 concedimUS,
981 735 1160 804 qualia
1199 737 1308 788 sint
1346 737 1669 806 ignoramus.
1746 736 1941 789 habere

245 832 344 866 nos
379 814 630 881 animum,
664 812 814 865 cuius
847 812 1070 878 imperio
1103 813 1156 862 et
1188 810 1516 879 impellimur
1540 814 1593 862 et
1615 829 1942 879 revocamur,

247 906 429 940 omnes
479 887 811 955 fatebuntur3
866 885 994 954 quid
1045 888 1221 938 tamen
1264 885 1333 937 sit
1384 886 1591 938 animus
1639 885 1730 937 ille
1768 888 1943 938 rector

247 963 602 1030 dominusque
641 961 827 1028 nostri,
866 977 976 1012 non
1016 960 1186 1030 magis
1226 960 1327 1012 tibi
1361 959 1642 1028 quisquam
1685 959 1943 1028 expediet,

248 1056 407 1106 quam
458 1036 553 1088 ubi
604 1035 694 1088 sit:
746 1036 880 1087 alius
932 1034 1083 1086 illum
1133 1034 1270 1086 dicet
1320 1033 1569 1103 spiritum
1621 1052 1756 1102 esse,
1808 1034 1942 1086 alius

247 1114 563 1164 concentum
599 1111 880 1178 quendam,
919 1109 1055 1161 alius
1089 1109 1197 1160 vim
1230 1108 1465 1160 divinam
1506 1111 1559 1160 et
1599 1108 1682 1160 dei
1721 1111 1942 1177 partem,

247 1187 381 1239 alius
432 1185 806 1237 tenuissimum
858 1184 1077 1250 animae,
1129 1184 1263 1235 alius
1315 1182 1707 1251 incorporalem
1759 1186 1942 1250 poten-

245 1262 400 1330 tiam,
451 1278 561 1312 non
611 1259 792 1328 deerit,
845 1259 937 1327 qui
989 1258 1302 1326 sanguinem
1344 1257 1499 1325 dicat,
1547 1258 1639 1326 qui
1693 1256 1941 1309 calorem:

247 1336 376 1388 adeo
418 1335 595 1386 animo
628 1352 735 1386 non
776 1336 955 1402 potest
994 1331 1196 1399 liquere
1230 1331 1293 1383 de
1326 1333 1512 1384 ceteris
1544 1332 1718 1398 rebus,
1757 1335 1818 1383 ut
1857 1331 1942 1383 ad-

189 1426 212 1461 s}
244 1409 351 1463 huc
391 1410 504 1478 ipse
537 1427 592 1461 se
626 1411 857 1476 quaerat.
923 1405 1052 1475 quid
1084 1424 1210 1477 ergo
1250 1406 1507 1459 miramur
1546 1410 1794 1473 cometas,
1833 1408 1942 1457 tam

246 1503 426 1537 rarum
466 1482 651 1535 mundi
693 1481 1072 1551 spectaculum,
1110 1481 1349 1534 nondum
1389 1482 1556 1533 teneri
1595 1481 1804 1550 legibus
1839 1498 1942 1532 cer-

246 1560 316 1611 tis
368 1577 466 1611 nec
517 1558 670 1610 initia
720 1558 935 1610 illorum
986 1557 1226 1624 finesque
1273 1559 1570 1623 notescere,
1612 1573 1838 1624 quorum
1878 1573 1942 1605 ex

247 1633 555 1702 ingentibus
596 1631 891 1684 intervallis
930 1649 1175 1683 recursus
1209 1630 1325 1682 est?
1388 1630 1625 1682 nondum
1660 1633 1783 1681 sunt
1818 1629 1943 1681 anni

246 1707 394 1759 mille
447 1707 752 1776 quingenti,
803 1724 867 1757 ex
919 1724 1023 1774 quo
1077 1703 1299 1758 Graecia
1351 1704 1539 1757 ‘stellis
1591 1722 1840 1756 numeros
1892 1707 1945 1755 et

246 1782 466 1835 nomina
504 1781 667 1848 fecit',
705 1780 1012 1848 multaeque
1044 1779 1202 1831 hodie
1236 1782 1360 1831 sunt
1392 1782 1591 1849 gentcS,
1634 1796 1770 1846 quae
1809 1779 1943 1830 facie

249 1861 457 1909 tantum
512 1859 777 1908 noverunt
833 1854 1059 1921 caelum,
1116 1872 1251 1922 quae
1304 1854 1542 1905 nondum
1599 1854 1794 1916 sciunt,
1850 1869 1943 1904 cur

247 1931 376 1983 luna
414 1930 640 1997 deficiat,
681 1948 841 1998 quare
881 1928 1034 1996 <801>
1074 1927 1442 1981 obumbretur:
1495 1927 1625 1980 haec
1665 1928 1806 1995 apud
1845 1945 1941 1978 nos

249 2023 463 2074 quoque
487 2023 657 2072 nuper
686 2003 825 2056 ratio
859 2004 924 2055 ad
957 2006 1161 2055 certum
1194 2003 1456 2071 perduxit.
1508 2002 1685 2054 veniet
1717 2005 1942 2070 tempuS,

251 2098 358 2148 quo
400 2080 516 2147 ista,
557 2097 691 2146 quae
730 2096 873 2130 nunc
909 2077 1100 2145 latent,
1147 2078 1203 2129 in
1241 2078 1415 2129 lucem
1458 2077 1567 2128 dies
1608 2075 1851 2128 extrahat
1892 2079 1943 2128 et

248 2154 509 2225 longioris
562 2154 677 2205 aevi
728 2151 1027 2223 diligentia,
1086 2152 1152 2203 ad
1209 2150 1613 2219 inquisitionem
1673 2154 1942 2202 tantorum

280 2287 283 2291 ⁴
369 2300 465 2359 21s2
498 2300 623 2357 Very.
653 2298 811 2357 Geory.
845 2300 880 2342 I
898 2302 987 2342 137

369 2438 391 2476 1
421 2447 518 2477 uar.
547 2434 644 2476 dec,
671 2434 767 2476 coll.
795 2434 912 2476 ‹5Tz
937 2434 950 2489 ΙΙ
975 2438 1003 2475 2
1029 2432 1326 2489 distinguunt
1351 2432 1487 2489 (B)11]
1522 2434 1659 2488 -gunt
1693 2433 1698 2487 Ι
1725 2432 1941 2488 vacuam]

249 2506 452 2536 uacuum
487 2495 552 2547 Φ,
586 2506 696 2535 aera
727 2498 832 2536 ante
863 2507 923 2535 m.
956 2505 1154 2535 vacuum
1186 2492 1291 2534 add.
1318 2492 1500 2536 EFort.
1533 2492 1546 2547 ΙΙ
1579 2495 1603 2532 8
1638 2490 1732 2534 sint
1751 2491 1941 2548 Muret]

251 2556 360 2595 sunt
390 2554 403 2608 Η
435 2557 462 2595 9
487 2554 535 2596 et
558 2552 690 2610 imp.]
717 2551 938 2608 pellimur
962 2553 999 2595 δ
1030 2551 1141 2607 imp.
1167 2556 1286 2607 ηΕΤ
1311 2552 1323 2607 ΙΙ
1347 2555 1398 2592 10
1422 2549 1714 2608 fatebuntur]
1740 2550 1944 2593 fatemur

251 2614 289 2656 δ
313 2614 326 2668 ΙΙ
349 2617 402 2655 12
428 2612 570 2669 dicet]
599 2611 716 2655 dicit
739 2613 777 2655 d*
803 2614 807 2667 Ι
840 2610 958 2653 311118
985 2624 1110 2654 conc.
1131 2637 1185 2641 —
1212 2615 1263 2653 14
1288 2609 1491 2667 animae]
1518 2623 1600 2653 om.
1620 2611 1658 2653 ὃ
1681 2612 1694 2665 ΙΙ
1718 2614 1768 2652 13
1795 2610 1942 2666 conc]

252 2673 522 2715 contentum
554 2672 589 2714 λ
620 2672 633 2727 ΙΙ
664 2675 716 2712 14
750 2670 952 2727 animae]
987 2683 1142 2713 aerem
1166 2669 1356 2725 nEJ2T,
1400 2683 1509 2713 aera
1533 2670 1692 2713 Haase
1723 2670 1736 2725 ΙΙ
1768 2673 1818 2711 16
1849 2683 1943 2712 non

250 2733 362 2788 pot.]
399 2732 494 2786 pot.
528 2744 621 2773 non
646 2731 840 2787 Madviy
872 2731 884 2785 Η
917 2734 974 2772 22
1000 2742 1089 2784 que
1122 2729 1187 2787 h.]
1228 2728 1458 2784 hodieque
1490 2732 1562 2770 ΒΖ
1600 2730 1605 2783 1
1639 2731 1801 2785 gentes
1836 2730 1945 2771 sunt

251 2791 347 2834 coll.
367 2792 404 2834 δ
429 2792 441 2846 ΙΙ
465 2794 521 2832 23
547 2791 732 2833 tantum
756 2789 877 2832 facie
901 2790 997 2832 coll.
1021 2791 1072 2832 Φ
1101 2790 1104 2843 Ι
1132 2788 1378 2846 noverunt]
1404 2788 1519 2830 -rint
1537 2789 1706 2836 Ματρί.
1736 2790 1742 2843 Ι
1771 2788 1941 2844 sciunt]

253 2850 403 2892 sciant
431 2851 483 2892 Φ
514 2851 527 2906 ΙΙ
559 2853 615 2891 24
648 2849 716 2892 801
748 2849 853 2892 add.
881 2849 1068 2893 Skutsch
1092 2849 1104 2903 Η
1128 2852 1186 2891 26
1219 2847 1338 2905 dies]
1371 2861 1500 2890 mens
1525 2848 1592 2891 vel
1620 2847 1790 2891 mentis
1819 2847 1943 2891 acies

250 2909 351 2952 Joh.
376 2909 550 2952 Muller

1968 1653 1986 1682 2
