1994 3086
699 578 1282 648 PRAEFATIO

257 719 451 781 Studia,
490 734 616 783 quae
655 719 775 767 olim
817 717 1030 766 Senecae
1063 716 1267 780 eiusque
1304 715 1611 779 temporibus
1649 715 1848 775 navavi,

144 796 373 859 quamvis
414 794 528 843 aliis
567 807 865 856 prorsusque
907 791 1114 841 diversis
1148 792 1352 840 interim
1392 789 1568 839 officiis
1608 791 1658 838 et
1698 804 1847 853 quae-

144 869 391 919 sfionibus
431 869 698 918 obstrictus
737 869 906 916 tamen
938 883 1037 915 non
1076 881 1278 929 prorsus
1311 865 1471 914 abieci
1501 865 1585 914 sed
1616 864 1846 927 pluribus

144 944 397 994 codicibus
429 943 592 1007 operis
626 944 838 991 maxime
869 942 1086 1006 neglecti
1124 941 1335 990 conlatis
1376 942 1490 988 ante
1527 940 1618 988 hos
1657 942 1849 1003 septem

147 1035 303 1068 annos
349 1020 583 1083 graviora
630 1017 878 1081 quaedam
928 1016 1130 1079 protuli.
1213 1031 1346 1063 nunc
1394 1015 1592 1063 demum
1639 1013 1850 1063 editioni

144 1094 468 1142 Naturalium
507 1092 864 1150 Quaestionum
905 1091 991 1139 diu
1035 1093 1244 1154 paratae
1288 1093 1338 1138 et
1382 1091 1515 1138 inter
1554 1091 1718 1138 cetera
1764 1106 1847 1136 ne-

143 1170 283 1234 goffia
327 1169 573 1231 paulatim
630 1166 879 1230 perfectae
931 1181 1042 1215 cum
1088 1165 1335 1228 praefatio
1387 1180 1516 1227 quae
1563 1163 1849 1227 appellatur

142 1242 513 1307 praemittenda
556 1243 644 1303 sit,
693 1241 756 1290 ad
804 1241 894 1290 illa
934 1241 1111 1290 Studia
1159 1242 1210 1288 et
1255 1240 1426 1303 priora
1473 1232 1638 1306 (Stud.
1671 1231 1750 1306 1¹)
1797 1240 1849 1287 et

144 1317 490 1366 additamenta
537 1310 703 1383 (Stud.
742 1309 849 1383 11²)
910 1331 991 1365 eos
1044 1316 1132 1378 qui
1184 1315 1333 1378 plura
1383 1314 1570 1363 discere
1624 1314 1849 1377 cupiunt,

142 1393 326 1457 relego.
404 1393 587 1441 etenim
635 1391 695 1439 de
743 1391 862 1440 fatis
908 1392 1071 1454 operis
1118 1391 1168 1438 et
1213 1389 1425 1439 historia
1470 1390 1546 1437 ita
1592 1388 1849 1450 disseram,

143 1471 202 1517 ut
248 1469 385 1517 actas
431 1481 510 1515 res
558 1482 708 1530 quam
755 1465 1045 1515 brevissime
1084 1467 1323 1528 repetam,
1370 1479 1531 1526 pauca
1569 1462 1727 1512 fusius
1767 1479 1847 1511 ex-

144 1542 339 1605 plicem.
425 1557 583 1604 neque
633 1541 764 1589 enim
812 1555 1150 1604 quaecumque
1199 1539 1262 1587 ad
1312 1539 1648 1588 recensionem
1694 1537 1848 1586 ratio-

145 1633 357 1679 nemque
397 1615 628 1665 editionis
667 1615 1064 1679 perspiciendam
1104 1616 1208 1663 sive
1246 1615 1525 1662 necessaria
1564 1613 1667 1662 sive
1698 1612 1850 1662 utilia

144 1707 250 1741 esse
288 1690 591 1739 videbuntur
628 1689 899 1753 praeterire
938 1689 1122 1738 licebit.

384 1866 427 1920 Ι.
482 1866 559 1920 De
598 1864 728 1920 VIII
766 1864 927 1919 libris
970 1880 1004 1919 a
1042 1865 1247 1919 Seneca
1286 1862 1616 1935 conscriptis

259 1988 314 2037 L.
360 1989 597 2039 Annaeus
645 1988 832 2038 Seneca
879 1991 1070 2039 aestate
1116 1989 1217 2038 fere
1266 1989 1385 2037 anni
1430 2005 1478 2051 p.
1521 1987 1632 2036 Chr.
1673 2004 1719 2035 n.
1762 1987 1848 2035 62.

145 2067 345 2113 mortuo
377 2064 541 2113 Burro
580 2064 794 2113 fractam
834 2079 939 2114 esse
980 2080 1122 2113 suam
1162 2065 1441 2127 potentiam
1481 2079 1594 2112 cum
1626 2061 1850 2110 animad-

146 2141 377 2201 verteret,
423 2141 477 2188 in
525 2140 682 2188 otium
729 2139 825 2188 sibi
862 2139 1191 2188 recedendum
1231 2154 1335 2188 esse
1376 2138 1470 2187 etsi
1508 2138 1669 2186 invito
1709 2138 1849 2186 ratus

146 2212 210 2261 ad
234 2216 423 2277 scripta
446 2213 793 2278 philosophica
816 2214 1167 2264 conscribenda
1192 2213 1367 2262 ardore
1402 2212 1618 2275 quodam
1641 2211 1850 2260 iuvenili

146 2287 310 2337 denuo
343 2304 395 2338 se
421 2288 682 2338 convertit.
730 2292 882 2351 atque
914 2289 1132 2353 primum
1159 2289 1358 2352 quidem
1384 2288 1443 2336 de
1474 2286 1849 2349 tranquillitate

147 2362 303 2411 animi
342 2363 406 2411 ad
439 2362 679 2413 Serenum
718 2363 933 2427 scripsit,
973 2363 1148 2412 deinde
1175 2391 1243 2397 —
1270 2364 1369 2412 nisi
1407 2363 1558 2411 fallor
1581 2389 1651 2395 -
1678 2360 1850 2410 eodem

145 2452 276 2486 anno
317 2442 525 2487 exeunte
563 2454 801 2502 magnum
839 2438 967 2487 illud
1006 2438 1066 2487 de
1107 2438 1291 2487 mundo
1331 2440 1382 2486 et
1420 2438 1582 2486 causis
1622 2435 1848 2485 secretis—

149 2528 244 2575 que
283 2527 410 2575 opus
450 2512 657 2562 condere
698 2513 961 2562 constituit
1000 2517 1049 2562 et
1079 2513 1218 2562 nullo
1249 2514 1461 2561 fortasse
1495 2512 1659 2575 spatio
1697 2511 1848 2559 inter·

269 2656 311 2710 1)
344 2654 751 2709 Seneca—Studien,
785 2656 980 2714 Leipziq
1004 2660 1138 2701 1895.
1200 2655 1329 2700 Haec
1353 2658 1402 2699 et
1434 2652 1690 2712 separatim
1721 2654 1769 2696 et
1799 2651 1850 2695 in

147 2712 590 2819 {gpgleffizxtorum
658 2714 912 2759 Annalium
984 2715 1472 2760 Fleckeisenianorum
1533 2716 1660 2758 tomo
1722 2710 1851 2756 XXII

270 2835 315 2891 2)
346 2810 516 2880 Studia
547 2835 826 2880 Annaecma.
900 2835 1342 2891 Wissenschaftliche
1373 2834 1565 2892 Beilaye
1603 2846 1706 2877 zum
1740 2831 1850 2876 Vor-

150 2891 606 2952 lemnqeverzeichnis
637 2894 716 2939 der
757 2894 1036 2940 Universitdt
1072 2894 1349 2950 Greifswald
1385 2893 1546 2939 Ostern
1578 2895 1712 2937 1900.
