1988 3138
154 127 223 179 38
410 195 418 198 ἡ
686 127 734 169 L.
749 162 753 168 Ἴ
766 126 1001 171 ANNAEI
1034 125 1303 171 SENECAE

151 249 318 300 bavit:
353 266 510 316 quem
542 248 580 315 †
610 266 718 300 non
750 251 904 316 putes
937 249 993 300 in
1025 248 1142 316 ipso
1173 248 1361 301 habitu
1391 249 1544 318 pingi
1568 249 1835 301 voluisse?

91 337 116 376 6
150 324 230 375 est
279 322 457 390 aliqua
506 322 666 374 etiam
716 322 1016 390 prostitutis
1068 322 1328 375 modestia
1379 326 1430 375 et
1481 324 1573 375 illa
1613 341 1835 391 corpora

148 393 364 465 publico
405 396 612 448 obiecta
648 396 878 448 ludibrio
919 396 1143 464 aliquid,
1195 414 1299 464 quo
1347 397 1534 449 infelix
1579 397 1839 465 patientia

148 472 310 522 lateat
368 470 683 522 obtendunt:
738 470 866 523 adeo
926 470 981 522 in
1033 470 1291 539 quaedam
1346 472 1572 539 lupanar
1622 489 1832 539 quoque

147 544 503 597 verecundum
569 547 660 597 est.
766 548 820 596 at
887 545 1022 596 illud
1083 548 1381 597 monstrum
1451 546 1832 598 obscenitatem
1880 567 1900 599 5

149 637 298 670 suam
339 620 700 686 spectaculum
740 619 936 671 fecerat
975 622 1028 671 et
1059 638 1120 671 ea
1152 619 1254 671 sibi
1286 620 1599 685 ostentabat,
1640 620 1831 687 quibus

91 707 113 745 7
149 692 531 745 abscondendis
571 694 719 745 nulla
759 694 885 745 satis
927 694 1034 745 alta
1071 711 1180 745 nox
1218 697 1308 745 est.
1382 693 1603 759 ‘simul',
1645 695 1833 762 inquit,

147 765 220 820 eet
257 767 431 819 virum
471 770 524 820 et
572 767 825 819 feminam
864 768 1052 835 patior,
1102 767 1450 820 nihilominus
1490 768 1584 819 illa
1621 785 1833 836 quoque

148 859 471 909 supervacua
521 841 654 893 mihi
703 845 852 910 parte
904 842 1126 894 alicuius
1177 842 1214 909 †
1262 842 1584 894 contumelia
1634 860 1833 894 marem

146 933 386 985 exerce03
441 916 620 967 omnia
669 915 906 968 membra
956 917 1153 984 stupris
1194 919 1452 984 occupata
1492 919 1635 968 sunt:
1691 917 1833 968 oculi
1859 937 1900 970 10

146 1006 358 1057 quoque
409 990 464 1040 in
514 993 719 1057 partem
758 990 996 1042 libidinis
1036 991 1252 1043 veniant
1290 994 1343 1043 et
1393 993 1553 1043 testes
1594 991 1706 1043 eius
1747 1009 1832 1043 ex-

146 1066 453 1131 actoresque
505 1064 633 1134 sint3
684 1065 844 1116 etiam
896 1083 970 1131 ea,
1022 1082 1155 1132 quae
1196 1083 1226 1116 a
1266 1067 1554 1133 conspectu
1596 1065 1832 1133 corporis

144 1139 313 1189 nostri
367 1138 563 1206 positio
620 1138 909 1205 submovit,
966 1142 1075 1191 arte
1130 1139 1390 1206 visantur,
1446 1157 1510 1191 ne
1567 1139 1686 1207 quis
1749 1157 1833 1192 me

85 1226 110 1264 8
143 1214 296 1280 putet
334 1213 551 1279 nescire,
591 1212 720 1280 quid
758 1213 963 1264 faciam.
1041 1213 1119 1265 nil
1157 1214 1268 1283 egit
1306 1216 1515 1279 natura,
1557 1213 1700 1281 quod
1738 1213 1833 1265 hu-

144 1304 328 1338 manae
390 1287 601 1338 libidini
662 1287 955 1339 ministeria
1016 1290 1125 1339 tam
1180 1287 1414 1357 maligna
1469 1287 1633 1354 dedit,
1690 1287 1833 1356 quod
1858 1307 1898 1340 15

145 1360 369 1412 aliorum
425 1361 735 1413 animalium
791 1361 1103 1413 concubitus
1167 1362 1356 1414 melius
1419 1362 1692 1413 instruxit:
1756 1362 1831 1412 in-

142 1435 373 1501 veniam,
429 1435 875 1502 quemadmodum
931 1436 1116 1487 morbo
1173 1453 1291 1488 meo
1347 1439 1401 1488 et
1453 1436 1726 1503 imponam
1781 1438 1834 1488 et

144 1509 476 1561 satisfaciam.
557 1528 661 1578 quo
702 1510 995 1578 nequitiam
1035 1528 1229 1577 meam,
1270 1510 1314 1562 si
1362 1510 1427 1561 ad
1466 1513 1682 1562 naturae
1723 1528 1833 1562 mo-

144 1582 269 1634 dum
308 1583 507 1654 pecco?
575 1583 630 1635 id
661 1602 827 1654 genus
870 1585 1206 1652 speculorum
1248 1585 1645 1652 circumponam
1685 1583 1833 1651 mihi,

85 1671 109 1710 9
146 1657 290 1724 quod
328 1658 692 1710 incredibilem
732 1658 1154 1728 magnitudinem
1194 1659 1488 1728 imaginum
1526 1658 1722 1711 reddat.
1788 1659 1832 1710 si
1857 1679 1900 1711 20

141 1731 326 1783 liceret
357 1731 504 1799 mihi,
531 1732 610 1794 ,ad
641 1751 824 1784 verum
860 1733 961 1784 ista
992 1733 1355 1800 perducerem:
1398 1733 1521 1801 quia
1552 1751 1660 1785 non
1691 1733 1831 1799 licet,

142 1806 416 1858 mendacio
474 1825 671 1874 pascar.
767 1807 1064 1859 obscenitas
1123 1826 1240 1859 mea
1296 1808 1417 1875 plu·
1470 1824 1630 1875 quam
1690 1807 1833 1874 capit

142 1879 318 1932 videat
368 1883 421 1932 et
469 1881 781 1948 patientiam
822 1899 970 1933 suam
1022 1881 1138 1949 ipsa
1177 1880 1430 1933 miretur.’
1509 1881 1714 1933 facinus
1755 1882 1831 1932 in-

145 1953 387 2024 dignum!
427 1954 515 2006 hic
554 1955 778 2007 fortasse
820 1955 924 2007 cito
966 1958 1019 2007 et
1058 1958 1342 2023 antequam
1382 1955 1584 2007 videret
1623 1955 1829 2008 occisus

144 2031 244 2080 est:
285 2028 351 2080 ad
391 2030 667 2097 speculum
708 2048 863 2081 suum
904 2029 1259 2081 immolandus
1299 2030 1413 2081 fuit.
1856 2049 1897 2081 25

85 2116 106 2154 1
257 2102 337 2154 17.
389 2102 741 2156 Derideantur
778 2122 920 2156 nunc
958 2102 1290 2172 philosophi,
1343 2103 1485 2172 quod
1525 2103 1587 2156 de
1629 2105 1831 2172 speculi

140 2179 330 2229 natura
370 2177 642 2245 disserant,
683 2178 826 2246 quod
865 2178 1150 2245 inquirant,
1192 2177 1319 2246 quid
1351 2178 1426 2230 ita
1456 2178 1618 2230 facies
1650 2181 1831 2230 nostra

141 2251 296 2303 nobis
349 2254 403 2304 et
453 2252 668 2320 quidem
718 2253 773 2303 in
819 2270 916 2304 nos
964 2252 1186 2304 obversa
1230 2252 1494 2318 reddatur,
1550 2252 1678 2320 quid
1729 2252 1830 2303 sibi

262 2401 284 2438 1
317 2397 473 2455 quem]
508 2397 621 2453 quid
653 2400 692 2441 Δ
741 2411 821 2440 cur
845 2398 960 2451 Leo,
1008 2410 1205 2453 eumque
1234 2399 1311 2442 Ge.
1361 2397 1526 2453 quidni
1558 2397 1695 2441 Kroll
1727 2398 1826 2453 (om.

140 2457 251 2512 non)
288 2458 293 2512 Ι
326 2457 439 2514 non]
471 2472 583 2499 num
613 2459 660 2501 θ·
701 2459 706 2513 ἦ
748 2456 952 2500 uoluisse
983 2456 1117 2513 pingi
1148 2457 1246 2501 coll.
1272 2459 1312 2500 Δ
1360 2458 1373 2513 Η
1422 2462 1449 2500 2
1482 2457 1693 2514 corpora]
1725 2461 1830 2500 ante

141 2515 236 2557 lud.
263 2516 298 2558 λ
329 2516 343 2571 ΙΙ
375 2519 399 2557 3
432 2516 682 2574 patientia]
715 2515 928 2573 patentia
952 2517 986 2559 λ
1016 2517 1031 2572 [Ι
1063 2520 1090 2558 4
1122 2515 1171 2558 in
1202 2516 1452 2574 quaedam]
1486 2515 1828 2571 quodammodo

143 2577 183 2617 Δ
215 2588 326 2618 num
357 2574 406 2617 in
437 2574 713 2632 vulgando?
750 2577 764 2632 ΙΙ
804 2580 829 2618 7
864 2576 961 2618 alta
992 2576 1102 2632 nox]
1134 2589 1227 2619 nox
1258 2575 1356 2618 alta
1386 2577 1464 2618 Ἑλ
1496 2576 1510 2631 ΙΙ
1549 2579 1574 2616 8
1607 2574 1710 2632 illa]
1745 2589 1826 2618 om.

142 2635 182 2676 Δ
230 2634 243 2689 ΙΙ
290 2637 317 2675 9
350 2633 566 2693 alieuius]
604 2637 707 2690 fort.
757 2634 1003 2689 alienaque
1036 2647 1063 2676 a
1094 2635 1210 2688 Leo,
1257 2634 1448 2678 obtusus
1483 2634 1543 2676 ad
1574 2647 1673 2676 -am
1707 2634 1783 2677 Ge.
1821 2636 1826 2689 Ι

145 2691 427 2736 contumelia
452 2694 569 2750 (-liei
587 2696 678 2750 λΡ)
701 2695 895 2752 marem]
922 2693 1253 2737 contumeliam
1274 2693 1416 2737 maris
1433 2694 1592 2737 Haase
1613 2695 1627 2750 ΙΙ
1651 2697 1702 2735 12
1720 2694 1829 2751 que]

143 2765 201 2795 ue
233 2754 272 2795 Δ
317 2753 330 2808 Η
378 2756 427 2794 13
466 2754 564 2796 arte
606 2754 838 2811 uisantur]
884 2755 991 2796 ante
1034 2755 1277 2796 uersentur
1315 2755 1354 2796 A
1410 2754 1423 2809 Η
1475 2757 1524 2795 17
1571 2752 1829 2810 imponam]

142 2810 298 2867 potiar
329 2811 498 2867 (potior
530 2814 571 2869 ε)
605 2815 644 2856 Δ
685 2814 698 2870 ΙΙ
737 2817 794 2856 20
826 2811 1102 2869 imaginum]
1137 2818 1242 2856 ante
1272 2826 1425 2868 magn.
1452 2814 1492 2854 A
1535 2813 1549 2867 Η
1591 2816 1649 2854 26
1679 2811 1830 2868 philo-

144 2870 297 2971 sopbii]
330 2884 386 2914 se.
417 2871 559 2915 Stoici
591 2873 597 2927 1
634 2871 776 2930 quod]
811 2871 891 2926 qui
923 2871 1064 2913 E2LP
1106 2872 1120 2927 ΙΙ
1164 2876 1219 2914 28
1253 2870 1460 2929 quidem]
1495 2870 1608 2926 quid
1640 2873 1829 2928 A(?)E1.

143 2944 234 2984 quo
300 2933 372 2971 Bc
