1988 3138
565 96 790 141 NATUR.
824 95 1075 150 QUAEST.
1107 97 1217 140 LIB.
1250 97 1283 140 Ι.
1320 102 1357 142 1.
1776 98 1810 150 9

122 237 233 273 non
265 219 424 272 etiam
456 218 690 272 interdiu
720 217 1167 271 transferuntur?
1209 217 1354 286 quid,
1385 218 1430 271 si
1454 218 1596 272 dicas
1629 219 1809 272 stellas

124 294 356 347 interdiu
393 311 503 346 non
543 310 672 360 esse,
709 293 837 361 quia
873 310 985 345 non
1022 293 1318 361 apparent?
1361 292 1812 362 quemadmodum·

124 367 248 421 illae
278 367 447 420 latent
477 369 531 419 et
561 366 691 420 solis
721 365 933 437 fulgore
965 366 1368 436 obumbramur,
1400 367 1476 420 sic
1506 367 1648 422 faces
1682 385 1810 436 quo-

125 460 227 512 que
265 444 634 495 transcurrunt
671 444 726 493 et
758 440 1008 509 interdiu,
1046 440 1137 493 sed
1169 440 1450 494 abscondit
1481 442 1600 495 illas
1634 441 1811 494 diurni

79 537 100 570 ⁵
122 516 340 570 luminis
387 514 615 568 claritas,
692 515 738 568 si
785 515 997 583 quando
1043 518 1224 567 tamen
1270 518 1421 568 tanta
1458 516 1538 569 vis
1578 516 1811 586 emicuit,

123 594 185 643 ut
221 590 382 643 etiam
422 589 673 643 adversus
714 589 853 642 diem
892 588 1162 642 vindicare
1202 589 1306 642 sibi
1350 590 1618 661 fulgorem
1655 610 1811 644 suum

121 665 352 734 possint,
394 667 667 733 apparent.
743 667 927 716 nostra
965 667 1105 716 certe
1144 667 1287 716 aetas
1326 682 1437 717 non
1476 666 1640 717 semel
1677 665 1812 718 vidit

123 738 337 791 diurnas
383 738 550 806 faces,
596 739 726 791 alias
774 738 839 790 ab
889 738 1091 791 oriente
1138 738 1194 790 in
1242 738 1571 791 occidentem
1618 758 1812 810 versaS,

122 812 253 866 alias
307 812 375 865 ab
427 831 620 867 occasu
670 813 726 864 in
777 816 970 865 ortum.
1047 815 1422 883 argumentum
1477 815 1810 883 tempestatis

58 906 100 940 ιο
121 890 315 940 nautae
360 890 575 956 putant,
622 905 743 940 cum
783 887 983 940 multae
1022 888 1355 940 transvolant
1394 887 1591 940 stellae.
1669 889 1812 956 quod

122 962 167 1014 si
206 965 485 1014 ventorum
526 962 739 1031 signum
782 965 884 1030 est,
930 961 1007 1014 ibi
1046 964 1147 1029 est,
1193 962 1334 1014 unde
1373 963 1519 1015 venti
1560 965 1706 1031 sunt,
1757 963 1812 1015 id

122 1039 203 1089 est
241 1036 299 1088 in
336 1040 470 1100 aere,
510 1035 602 1104 qui
641 1036 847 1089 medius
887 1036 1026 1089 inter
1062 1037 1244 1089 lunam
1285 1039 1558 1105 terrasque
1597 1041 1691 1090 est.
1753 1037 1810 1090 in

121 1128 318 1181 magna
362 1113 678 1179 tempestate
724 1129 978 1179 apparere
1027 1111 1180 1179 quasi
1230 1111 1415 1164 steHae
1466 1112 1642 1164 solent
1690 1113 1808 1164 velo

122 1184 432 1254 insidentes3
464 1184 702 1237 adiuvari
734 1202 790 1238 se
821 1188 949 1239 tunc
980 1185 1343 1254 periclitantes
1376 1186 1660 1238 aestimant
1691 1185 1813 1239 Pol-

55 1278 98 1312 ιε
121 1260 256 1313 lucis
305 1262 358 1311 et
405 1258 638 1312 Castoris
686 1260 928 1328 numine,
979 1277 1138 1312 causa
1187 1263 1364 1312 autem
1415 1260 1650 1314 melioris
1699 1261 1812 1330 spei

122 1337 225 1402 est,
263 1334 408 1402 quod
446 1334 551 1386 iam
592 1337 815 1403 apparet
852 1334 1029 1404 frangi
1067 1337 1438 1403 tempestatem
1481 1338 1534 1387 et
1573 1334 1810 1389 desinere

122 1412 330 1461 ventos:
362 1407 603 1477 ahoquin
634 1408 898 1461 ferrentur
928 1409 1094 1480 igneS,
1124 1427 1234 1462 non
1266 1409 1521 1462 sederent.
1576 1408 1809 1479 Gylippo

123 1481 412 1552 Syracusas
452 1483 654 1552 petenti
693 1483 808 1536 visa
846 1486 926 1536 est
966 1482 1120 1536 stella
1159 1501 1319 1553 super
1357 1484 1529 1553 ipsam
1569 1483 1810 1537 lanceam

123 1557 441 1610 constitisse.
518 1557 575 1610 in
622 1556 987 1610 Romanorum
1042 1558 1229 1611 castris
1284 1559 1467 1611 ardere
1521 1558 1634 1611 visa
1689 1562 1814 1611 sunt

56 1651 100 1684 20
123 1632 258 1701 pila,
298 1631 513 1702 ignibus
554 1631 757 1684 scilicet
794 1631 851 1684 in
890 1632 983 1684 illa
1015 1632 1267 1701 delapsis,
1307 1632 1400 1701 qui
1442 1651 1598 1702 saepe
1636 1633 1814 1686 fulmi-

123 1724 253 1759 num
300 1704 460 1758 modo
506 1706 663 1758 ferire
711 1707 885 1759 solent
923 1710 976 1759 et
1014 1707 1251 1775 arbusta3
1299 1707 1389 1760 sed
1430 1707 1474 1760 si
1516 1707 1721 1760 minore
1759 1708 1815 1761 vi

124 1783 371 1847 utuntur,
409 1779 651 1832 defluunt
688 1784 896 1833 tantum
938 1784 990 1833 et
1028 1781 1288 1849 insidunt,
1331 1800 1440 1834 non
1479 1781 1679 1834 feriunt
1715 1800 1815 1835 nec

124 1852 419 1907 vulnerant.
481 1855 573 1907 alii
604 1858 783 1908 autem
815 1855 955 1908 inter
983 1855 1151 1908 nubes
1181 1856 1466 1925 eliduntur,
1496 1857 1589 1908 alii
1614 1874 1814 1925 sereno,

242 2032 362 2088 14s16
387 2031 513 2075 Plin.
539 2031 648 2075 HN
665 2034 814 2084 2,101
846 2037 886 2075 et
917 2032 971 2076 ob
1002 2032 1054 2075 id
1076 2032 1261 2077 Polluci
1290 2037 1331 2076 et
1357 2032 1536 2077 Castori
1566 2033 1617 2077 id
1647 2046 1815 2077 ‘numen

124 2089 387 2148 adaquant,
413 2093 427 2146 ΙΙ
457 2094 584 2148 19χ20
609 2091 732 2135 Plin.
752 2091 859 2135 HN
869 2095 915 2145 2,
932 2096 1018 2136 101
1045 2092 1143 2136 vidi
1166 2093 1402 2137 noetwrnis
1424 2093 1620 2137 militum
1643 2094 1815 2152 viyil'iis

124 2150 357 2194 inhaerere
380 2151 496 2207 pilis
520 2164 609 2207 pro
640 2150 760 2195 vallo
790 2152 1012 2209 fulyorem
1044 2152 1192 2209 effiyie
1223 2165 1288 2196 ea.

243 2317 264 2356 1
296 2312 446 2373 dicas]
472 2313 626 2358 dicam
651 2316 691 2358 Δ
731 2316 745 2371 ΙΙ
775 2318 803 2357 4
835 2315 902 2374 et]
933 2329 1015 2359 om.
1043 2317 1082 2359 A
1120 2317 1126 2372 Ι
1161 2314 1268 2358 illas
1293 2315 1412 2374 ΛΦ]
1446 2329 1523 2360 eas
1555 2315 1571 2375 Η
1603 2320 1627 2358 5
1659 2317 1813 2374 tanta]

124 2386 207 2416 om.
241 2372 385 2415 PGH
430 2375 444 2429 ΙΙ
490 2377 518 2416 8
550 2376 603 2417 ut
640 2373 804 2432 etiam]
848 2377 902 2418 ut
931 2376 1074 2430 Βῦ(ε)
1120 2377 1167 2419 et
1198 2377 1251 2419 ut
1281 2379 1317 2418 Δ
1358 2378 1411 2419 ut
1443 2378 1490 2419 et
1520 2391 1562 2418 m
1611 2377 1617 2432 Ι
1668 2375 1813 2434 vind]

125 2431 375 2477 nendicare
408 2432 641 2476 Aravr
692 2436 698 2489 Ι
748 2448 880 2477 suum
915 2433 1028 2491 fulg.
1062 2435 1159 2479 coll.
1194 2437 1276 2478 AT
1323 2436 1337 2491 ΙΙ
1384 2441 1408 2478 7
1443 2436 1587 2493 certe]
1628 2448 1814 2491 quoque

126 2493 166 2535 Δ
212 2494 227 2547 fl
273 2496 318 2534 11
350 2494 434 2544 est,
466 2492 609 2550 unde]
641 2506 724 2537 om.
759 2495 798 2537 A
845 2498 860 2550 l!
905 2498 957 2537 12
989 2496 1229 2550 terrasque
1260 2495 1426 2538 ἙΗλΖ
1491 2497 1638 2539 terras
1670 2495 1725 2537 1²¹
1768 2498 1815 2539 ct

125 2555 273 2595 terras
312 2553 441 2610 ABQ
503 2554 517 2606 ΙΙ
578 2556 627 2595 13
674 2553 919 2611 apparere]
965 2556 1195 2610 apparent
1227 2556 1266 2597 Δ
1324 2556 1331 2610 Ι
1389 2568 1439 2598 so
1461 2555 1559 2612 ent]
1603 2568 1685 2598 om.
1720 2557 1759 2598 Δ
1799 2557 1813 2611 ΙΙ

125 2613 178 2653 14
208 2614 320 2654 tunc
352 2625 401 2654 se
432 2611 529 2655 coll.
556 2612 630 2655 22
661 2614 675 2668 ΙΙ
706 2616 754 2654 17
790 2611 999 2669 alioquin
1033 2612 1283 2671 ferrentur]
1317 2612 1570 2669 aliquando
1603 2614 1815 2658 feruntur

127 2671 166 2713 A
202 2671 210 2726 Ι
243 2671 356 2729 non]
389 2669 644 2726 aliquando
676 2671 714 2716 δ’
748 2673 755 2727 Ι
790 2671 1023 2730 sederent]
1058 2673 1222 2717 sedent
1245 2676 1317 2717 Δε
1356 2674 1371 2731 ΙΙ
1411 2678 1462 2715 19
1494 2673 1678 2731 ardere]
1711 2679 1814 2717 ante

127 2727 224 2785 pila
256 2732 296 2773 A
330 2733 430 2778 (om,
463 2734 588 2786 sunt)
620 2735 652 2773 Τ
680 2736 783 2787 post
812 2731 912 2788 pila
944 2736 975 2775 0
1014 2742 1028 2789 ῃ
1067 2736 1125 2775 20
1158 2731 1245 2776 del.
1274 2732 1376 2791 ΔΤ]
1410 2732 1605 2789 dilapsis
1641 2734 1648 2788 Ι
1682 2732 1811 2775 sulm.

127 2787 265 2832 modo
305 2790 519 2848 eron]
567 2789 704 2834 modo
738 2790 767 2834 s.
802 2790 839 2835 d·
885 2791 1023 2835 modo
1064 2792 1093 2834 f.
1136 2805 1262 2835 more
1294 2797 1326 2835 Τ
1374 2806 1498 2836 more
1541 2792 1570 2836 f.
1604 2792 1740 2835 modo
1773 2795 1814 2834 Η

128 2846 158 2890 f.
184 2860 310 2891 more
335 2849 369 2892 λ
408 2862 534 2892 more
559 2849 588 2892 f.
615 2854 650 2892 Β
682 2852 696 2905 ΙΙ
725 2854 777 2893 21
802 2850 960 2908 ferire]
992 2850 1216 2894 animalia
1248 2850 1278 2895 f.
1305 2863 1331 2895 ε
1371 2851 1400 2895 f.
1427 2855 1476 2895 et
1500 2851 1723 2894 animalia
1746 2854 1775 2893 z
1800 2853 1814 2907 ΙΙ

127 2909 186 2949 22
202 2907 288 2966 ut.]
306 2907 611 2952 mittunturA
638 2911 644 2964 Ι
672 2908 903 2968 insidunt]
919 2909 1125 2953 insident
1142 2913 1181 2954 A
1206 2913 1219 2966 ΙΙ
1245 2914 1300 2954 2³
1319 2913 1474 2954 autem
1501 2911 1639 2968 inter]
1666 2911 1712 2953 in
1731 2912 1813 2953 ΔΤ

1844 677 1900 718 12

1845 1050 1901 1089 13

1845 1422 1901 1462 14
