1988 3138
204 105 310 158 180
410 156 432 159 ,7
740 106 789 149 L.
822 105 1056 149 ANNAEI
1088 105 1358 150 SENECAE

194 227 425 296 prodire,
466 245 572 295 quo
612 246 678 279 ne
718 228 963 295 pertinax
1005 227 1221 294 quidem
1263 247 1390 280 aura
1429 231 1520 280 est.
1602 230 1745 298 quod
1783 248 1893 283 non

131 317 157 354 2
194 302 468 369 accideret,
509 302 555 353 si
592 305 654 353 ut
686 320 867 353 auram
900 303 976 353 ita
1014 303 1136 354 illos
1169 303 1554 355 comminueret
1586 305 1678 355 801.
1744 304 1891 358 adice

192 394 349 443 nunc,
401 375 545 443 quod
596 376 641 427 si
682 393 840 428 causa
889 376 996 428 illis
1049 375 1206 428 flatus
1247 381 1379 429 esset
1415 378 1647 445 spatium
1689 378 1793 430 diei
1833 397 1892 430 ac

188 450 489 520 longitudO,
540 452 594 502 et
646 454 767 502 ante
820 450 1111 502 solstitium
1162 450 1374 517 flarent,
1415 468 1537 503 cum
1588 453 1891 522 longissimi

191 525 301 577 dies
351 527 476 576 sunt
527 527 580 576 et
631 525 985 576 cummaxime
1025 525 1173 577 nives
1214 525 1516 588 tabescunt3
1567 524 1706 578 Iulio
1747 528 1890 579 enim
1939 549 1957 580 5

189 618 368 651 mense
416 599 521 650 iam
564 598 859 666 despoliata
899 601 1022 651 sunt
1063 599 1243 651 omnia
1283 603 1374 651 aut
1425 603 1564 652 certe
1605 600 1890 653 admodum

188 690 358 742 pauca
399 674 573 725 iacent
612 672 785 725 adhuc
826 674 922 725 sub
964 674 1098 725 nive.

130 761 153 799 1
306 747 386 798 12.
442 745 579 799 Sunt
628 747 888 814 quaedam
940 765 1134 817 genera
1172 751 1477 815 ventorum,
1520 766 1656 816 quae
1702 752 1890 817 ruptae

188 822 357 874 nubes
399 824 451 874 et
490 821 547 873 in
585 839 815 889 pronum
857 822 1062 874 solutae
1099 822 1372 874 emittunt:
1413 821 1512 874 hos
1548 821 1735 875 Graeci
1767 842 1890 876 ven-

188 899 272 948 tos
325 894 582 964 ἐκνεφίας
620 899 827 948 vocant.
908 896 1000 964 qui
1051 895 1175 962 hoc,
1226 899 1287 948 ut
1333 899 1480 964 put0‚
1521 897 1679 949 modo
1732 898 1889 950 fiunt:
1917 920 1958 952 ιο

190 988 311 1023 cum
374 988 569 1040 magna
631 970 981 1038 inaequalitas
1038 988 1099 1022 ac
1154 970 1532 1023 dissimilitudo
1590 989 1890 1039 corporum,

190 1063 325 1113 quae
363 1063 532 1113 vapor
570 1047 810 1097 terrenus
851 1044 1063 1111 emittit,
1104 1045 1160 1096 in
1199 1045 1428 1098 sublime
1468 1048 1552 1098 eat
1592 1049 1645 1098 et
1684 1047 1788 1098 alia
1827 1065 1891 1099 ex

186 1118 272 1171 his
322 1119 637 1187 corporibus
687 1119 827 1171 sicca
873 1118 1002 1185 sint,
1058 1119 1162 1171 alia
1216 1119 1420 1186 umida,
1475 1138 1540 1172 ex
1594 1123 1742 1172 tanta
1789 1121 1890 1172 dis-

190 1193 371 1246 cordia
422 1211 708 1261 corporum
760 1194 900 1245 inter
939 1211 993 1245 se
1044 1194 1416 1263 pugnantium,
1469 1212 1587 1246 cum
1629 1195 1686 1246 in
1723 1214 1890 1247 unum

190 1268 512 1338 conglobata
564 1270 710 1334 sunt,
760 1267 1049 1320 verisimile
1105 1271 1184 1320 est
1236 1267 1491 1335 quasdam
1543 1286 1696 1320 cavas
1748 1269 1890 1321 effici
1915 1291 1956 1323 15

189 1342 357 1395 nubes
410 1345 463 1394 et
513 1342 793 1394 intervalla
843 1342 982 1394 inter
1021 1342 1140 1394 illas
1179 1343 1415 1409 relinqui
1461 1342 1704 1394 fistulosa
1743 1346 1796 1395 et
1835 1343 1891 1395 in

129 1430 155 1469 2
189 1416 410 1468 modum
443 1416 606 1469 tibiae
640 1419 877 1486 angusta.
941 1416 1025 1468 his
1059 1416 1353 1469 intervallis
1385 1417 1560 1469 tenuis
1600 1417 1891 1470 includitur

190 1491 425 1559 spiritUS,
462 1491 554 1559 qui
594 1491 764 1542 maius
799 1490 1062 1544 desiderat
1101 1491 1350 1559 spatium,
1391 1509 1512 1543 cum
1552 1492 1888 1544 everberatus

190 1583 347 1618 cursu
401 1584 590 1634 parum
644 1565 814 1617 libero
871 1565 1094 1617 incaluit
1149 1568 1200 1618 et
1256 1566 1323 1618 ob
1380 1565 1483 1618 hoc
1538 1566 1768 1634 amplior
1813 1566 1888 1633 fit,

190 1640 494 1707 scinditque
547 1640 816 1709 cingentia
866 1642 919 1692 et
970 1640 1203 1708 erumpit
1242 1640 1299 1691 in
1337 1643 1580 1707 ventum,
1634 1641 1728 1707 qui
1779 1640 1888 1693 fere
1913 1663 1955 1694 20

188 1715 518 1783 procellosus
552 1717 645 1780 est,
681 1714 808 1781 quia
839 1732 1065 1782 superne
1099 1714 1406 1781 demittitur,
1438 1717 1492 1767 et
1523 1714 1579 1765 in
1617 1732 1714 1766 nos
1748 1715 1889 1766 cadit

188 1789 474 1841 vehemens
526 1791 579 1840 et
630 1806 763 1855 acer,
816 1788 943 1855 quia
992 1806 1102 1840 non
1125 1788 1128 1792 ⁴
1151 1789 1301 1840 fusus
1352 1806 1450 1841 nec
1498 1807 1595 1857 per
1645 1792 1886 1857 apertum

187 1863 336 1915 venit
375 1863 466 1915 sed
515 1862 724 1914 laborat
764 1866 816 1915 et
863 1863 964 1915 iter
1003 1863 1105 1914 sibi
1146 1863 1198 1914 vi
1237 1881 1298 1915 ac
1337 1880 1518 1932 pugna
1556 1867 1720 1931 parat.
1799 1862 1888 1915 hic

188 1938 298 1990 :fere
349 1937 524 1989 brevis
575 1936 734 1988 flatus
788 1941 889 2003 est,
944 1938 1071 2004 quia
1108 1938 1445 2005 receptacula
1494 1937 1742 2004 nubium,
1793 1956 1888 2005 per

191 2029 327 2079 quae
366 2011 649 2078 ferebatur,
690 2029 751 2063 ac
789 2011 1121 2063 munimenta
1160 2012 1479 2080 perrumpit:
1531 2011 1650 2063 ideo
1691 2013 1884 2063 tumul-
1911 2034 1951 2065 25

189 2090 374 2138 tuosus
414 2086 575 2152 venit,
627 2085 914 2152 aliquando
967 2104 1077 2137 non
1128 2086 1240 2138 sine
1292 2086 1415 2156 igne
1455 2103 1516 2137 ac
1567 2103 1697 2137 sono
1740 2087 1882 2138 caeli.
1940 2141 1946 2147 ,

131 2172 156 2211 3
189 2160 248 2212 hi
286 2160 433 2212 venti
484 2160 654 2211 multo
707 2160 933 2212 maiores
975 2160 1441 2228 diuturnioresque
1482 2163 1626 2227 sunt,
1668 2161 1712 2211 si
1752 2161 1884 2212 alios

190 2253 406 2303 quoque
437 2233 594 2286 flatus
629 2252 693 2286 ex
726 2233 907 2286 eadem
942 2252 1099 2286 causa
1130 2237 1342 2287 ruentes
1375 2235 1432 2286 in
1464 2253 1519 2287 se
1552 2235 1885 2286 abstulerunt

189 2312 242 2361 et
280 2309 337 2360 in
374 2327 541 2360 unum
583 2308 885 2361 confluxere
924 2310 1126 2377 plures3
1167 2309 1304 2361 sicut
1343 2311 1604 2361 torrentes
1644 2308 1883 2361 modicae

307 2444 329 2481 1
361 2440 432 2482 est
463 2452 576 2481 aura
619 2440 714 2483 coll.
749 2438 938 2483 Skutsch
969 2441 982 2495 Η
1015 2444 1042 2482 2
1074 2439 1162 2497 1153]
1207 2453 1291 2483 om.
1324 2440 1362 2482 δ’
1390 2439 1395 2495 Ι
1425 2438 1759 2482 comminueret
1792 2439 1881 2497 sol]

190 2498 259 2542 sol
303 2500 617 2541 commoneret
652 2500 704 2541 Φ
726 2499 740 2554 Ι]
766 2502 791 2541 3
824 2501 948 2542 688615
983 2499 1135 2556 Gertz]
1182 2499 1253 2541 est
1288 2500 1292 2553 Ι
1330 2498 1442 2556 (1161]
1488 2497 1563 2541 die
1596 2498 1786 2542 Skutsch
1829 2500 1879 2542 cl.

190 2558 454 2602 Buecheleri
484 2558 635 2602 Decl.²
665 2557 699 2616 ἕ
722 2561 814 2602 169
852 2559 866 2614 ΙΙ
896 2562 925 2600 4
957 2559 1022 2615 et]
1065 2557 1209 2601 etiam
1241 2559 1321 2601 «513
1361 2559 1374 2614 ΙΙ
1416 2561 1440 2599 5
1473 2557 1629 2615 1111168]
1668 2557 1767 2600 dies
1800 2559 1838 2602 d·
1869 2559 1882 2614 ΙΙ

190 2623 216 2660 6
250 2616 534 2675 despoliata]
569 2617 784 2672 deposita
816 2618 850 2660 λ
874 2619 888 2673 Η
913 2621 964 2659 10
997 2618 1116 2675 ecn.]
1161 2630 1262 2674 egn.
1297 2618 1335 2660 δ
1378 2630 1473 2661 6Ζ11.
1509 2622 1534 2659 S
1579 2631 1648 2661 en.
1682 2621 1713 2658 L
1758 2619 1805 2661 et
1835 2632 1878 2660 n.

189 2681 216 2719 J
225 2681 300 2719 KZ
333 2678 346 2733 Η
380 2681 431 2718 19
476 2690 642 2731 parum
684 2676 852 2734 libero]
896 2689 1148 2733 parumper
1182 2678 1220 2720 δ
1254 2678 1268 2733 ΙΙ
1304 2681 1361 2719 20
1405 2675 1597 2734 scindit]
1642 2676 1815 2732 scingit
1845 2678 1881 2720 λ

190 2736 340 2779 cindit
370 2735 527 2778 L2P¹z
557 2738 561 2791 Ι
591 2735 849 2793 cingentia]
896 2735 1159 2792 scingentia
1192 2737 1226 2778 λ
1274 2735 1537 2778 scindentia
1569 2737 1606 2779 d*
1629 2738 1643 2792 ΙΙ
1669 2741 1719 2778 21
1760 2736 1877 2779 dem.

189 2799 264 2837 ΑΖ
297 2795 448 2853 vulyo]
483 2795 740 2838 dimittitur
763 2797 776 2851 ΙΙ
802 2800 859 2838 22
891 2807 975 2851 per
1007 2796 1238 2852 apertum]
1279 2808 1362 2851 per
1394 2796 1556 2851 aptum
1587 2799 1668 2837 ΗΟ
1700 2799 1714 2850 Η
1745 2799 1802 2838 23
1837 2794 1879 2837 vi

191 2855 264 2913 ac]
316 2854 365 2897 in
411 2855 501 2897 hac
548 2856 670 2898 dEo
710 2857 724 2910 Η
763 2854 895 2912 24s25
946 2868 1000 2897 ac
1046 2869 1170 2897 mun.
1219 2868 1302 2910 per
1348 2867 1468 2908 quae
1516 2853 1597 2896 fer.
1646 2855 1743 2898 coll.
1793 2855 1831 2898 <5
1865 2855 1878 2910 ΙΙ

191 2919 247 2956 28
281 2914 442 2972 031183]
483 2915 539 2968 cf.
567 2917 611 2967 8,
637 2917 664 2957 3
693 2915 698 2970 Ι
728 2913 1039 2971 abstulerunt]
1082 2913 1362 2958 abstulerint
1394 2915 1431 2957 δ
1461 2916 1476 2970 ss
1509 2918 1565 2956 29
1598 2913 1876 2971 confluxere]
