1988 3138
825 69 1171 116 PRAEFATIO
1768 70 1855 115 VH

130 194 297 267 ’100)‚
335 201 604 263 postquam
643 197 827 246 Koeler
864 214 912 260 p.
948 198 1072 258 230,
1098 198 1221 259 248,
1249 197 1352 246 251
1375 213 1481 259 sqq.
1523 197 1853 260 suspicionem

143 275 314 325 movit.
391 289 541 336 quem
579 274 778 321 secutus
813 272 978 321 Haase
1018 271 1244 321 codicum
1277 271 1590 334 quorundam
1628 272 1854 321 ordinem

142 351 326 398 mirum
372 341 610 415 (eumque
657 347 764 395 sine
812 346 962 395 dubio
1011 341 1263 410 spurium)
1312 348 1475 408 operis
1523 347 1720 396 auctori
1768 347 1853 395 ob—

129 423 339 472 trudere
378 439 479 472 non
512 421 776 470 dubitavit.
840 422 995 470 ceteri
1032 423 1306 485 genuinum
1343 421 1592 483 paulatim
1628 421 1705 469 ita
1743 436 1851 469 eru-

141 500 302 559 erunt,
340 500 399 545 ut
437 496 780 559 unusquisque
828 495 1203 544 observationes
1250 511 1351 544 non
1398 490 1699 558 spernendas
1738 512 1851 559 pro-

127 574 308 634 ¹ferret,
339 574 510 621 tamen
542 569 756 620 Senecae
797 570 1061 620 consilium
1100 585 1213 618 cum
1252 570 1479 619 codicum
1510 564 1690 619 ordine⁴
1722 571 1852 619 alius

140 649 242 696 alia
280 648 476 695 ratione
517 645 758 694 confudit.
828 661 956 695 unus
995 645 1099 693 fere
1140 643 1498 694 Gundermann
1536 645 1661 693 duas
1700 647 1851 694 series

136 736 342 785 prorsus
389 721 711 770 secernendas
758 735 864 769 esse
911 719 1062 781 vidit,
1109 719 1197 768 sed
1242 736 1304 768 ne
1349 719 1431 768 hic
1472 719 1673 782 quidem
1720 719 1850 769 codi-

129 812 251 845 cum
297 795 754 858 manuscriptorum
799 794 1092 843 memoriam
1139 794 1263 843 adeo
1310 796 1545 856 semovit,
1590 797 1649 843 ut
1696 795 1851 844 solius

138 870 356 920 auctoris
411 870 626 934 vestigia
686 870 940 919 insecutus
996 885 1214 932 quonam
1265 870 1352 917 ille
1400 869 1572 918 ordine
1627 870 1851 934 singulos

137 945 334 994 libellos
386 946 760 1008 conscripsisset
807 946 1083 1007 quaereret.
1170 945 1395 992 attamen
1447 945 1580 992 hunc
1633 961 1712 993 me
1768 944 1850 993 de—

137 1022 319 1069 texisse
358 1022 499 1069 ratus
538 1022 836 1083 argumenta
873 1022 1112 1082 repetam.

250 1095 428 1144 Totius
469 1095 632 1158 operis
671 1094 1037 1157 praefationem
1075 1109 1331 1156 superesse
1370 1110 1581 1156 eamque
1619 1093 1748 1142 libro
1773 1093 1852 1143 HI

135 1169 411 1233 praefixam
440 1170 576 1217 tradi
606 1185 738 1217 nunc
763 1171 975 1231 constat,
1003 1170 1242 1232 quoniam
1275 1167 1513 1218 Senecam
1543 1170 1599 1217 in
1624 1167 1690 1231 ἐξ
1719 1171 1848 1218 1—-4

137 1244 197 1292 de
238 1260 327 1293 sua
366 1260 579 1307 persona
618 1245 925 1306 consilioque
965 1245 1131 1307 operis
1160 1244 1237 1292 ita
1267 1244 1406 1306 loqui
1438 1243 1579 1293 Diels
1619 1244 1848 1293 observa-

135 1321 226 1382 vit,
264 1322 323 1367 ut
361 1319 438 1369 his
476 1319 815 1368 fundamentis
854 1319 1098 1382 ponendis
1138 1319 1303 1368 nullas
1342 1321 1512 1381 partes
1554 1320 1705 1368 antea
1736 1318 1848 1367 sub-

135 1397 352 1443 structas
393 1410 497 1444 esse
537 1396 645 1456 ipse
684 1393 983 1457 profiteatur
1023 1391 1242 1461 (Stud.1
1267 1387 1413 1460 123).

249 1468 442 1518 Deinde
466 1471 691 1532 ipsorum
713 1468 999 1518 libellorum
1024 1470 1173 1518 series
1202 1469 1277 1517 ita
1300 1470 1638 1529 continuatur,
1660 1470 1720 1517 ut
1741 1468 1851 1517 bim'

135 1559 333 1606 semper
379 1544 510 1592 inter
556 1560 608 1592 se
655 1545 919 1593 cohaerere
965 1544 1255 1606 videantur3
1295 1546 1446 1606 atque
1486 1543 1640 1592 semel
1676 1544 1848 1592 vincu-

136 1619 241 1666 lum
287 1618 594 1667 artissimum
642 1623 857 1681 exstare,
904 1621 983 1666 ter
1028 1618 1181 1681 paulo
1226 1620 1389 1667 laxius
1438 1634 1679 1681 apparere
1735 1634 1848 1667 cum

136 1694 227 1741 alii
262 1695 373 1742 tum
413 1710 504 1758 ego
545 1695 853 1757 argumentis
894 1694 1224 1743 strictissimis
1264 1694 1601 1756 probavimus.
1658 1693 1850 1742 scilicet

134 1767 257 1818 haec
295 1767 438 1818 nobis
479 1770 719 1831 quattuor
756 1768 999 1818 librorum
1039 1770 1182 1831 paria
1222 1784 1274 1818 se
1314 1769 1549 1817 offerunt:

381 1844 1602 1926 m1va11vb-·111V··V11V11·-1.

133 1948 269 2011 ipsos
307 1949 459 1997 velim
505 1948 640 1997 locos
688 1949 937 1998 conferas:
992 1948 1045 1997 Π
1073 1948 1159 2010 11,
1196 1952 1225 1997 2
1267 1949 1442 1998 Nilum
1480 1951 1676 1998 iuterim
1713 1963 1847 2010 sepo-

132 2038 306 2071 nemus
345 2039 378 2072 a
418 2024 562 2071 turba
592 2026 832 2084 propriae
861 2027 1073 2073 naturae
1108 2039 1168 2073 ac
1197 2025 1469 2085 sinyularis
1509 2027 1553 2072 et
1587 2024 1663 2072 illi
1701 2039 1847 2072 suum

133 2098 263 2146 diem
286 2099 579 2160 dabimus,
610 2098 690 2146 HI
717 2099 802 2158 26,
831 2102 858 2147 1
888 2102 1068 2148 aestate
1092 2100 1337 2160 quaedam
1362 2101 1573 2158 flumina
1605 2102 1847 2160 auqentur

132 2176 189 2220 ut
226 2172 390 2229 Nilus,
430 2175 571 2222 cuius
609 2174 770 2222 alias
799 2176 928 2222 ratio
959 2175 1252 2223 reddetur.
1322 2173 1396 2222 IV
1406 2189 1436 2221 a
1465 2178 1510 2236 1,
1539 2177 1565 2222 1
1611 2189 1848 2234 quaeram

134 2249 264 2295 em‘m
310 2251 463 2296 tecum
507 2249 581 2305 id,
631 2249 758 2309 quod
804 2251 1115 2310 superiore
1163 2250 1316 2297 libro
1364 2249 1554 2305 distuli,
1611 2249 1729 2309 quid
1774 2251 1847 2297 ita

133 2321 284 2371 Nilus
334 2325 533 2371 aestivis
581 2324 828 2372 mensibus
879 2325 1103 2373 abundet.
1182 2323 1234 2372 H
1260 2325 1353 2383 30,
1379 2325 1412 2371 4
1467 2327 1535 2372 est
1584 2325 1732 2379 enim,
1784 2326 1849 2370 ut

133 2397 417 2454 diximus,
457 2399 609 2446 nubes
647 2400 912 2459 spissitudo
953 2401 1085 2447 ae‘ris
1125 2402 1301 2459 crassi,
1344 2399 1464 2447 haec
1498 2415 1595 2460 quo
1635 2398 1846 2447 referret

134 2470 318 2520 Koeler
355 2489 402 2535 p.
433 2474 534 2521 251
579 2489 679 2521 non
719 2473 911 2536 habuit,
952 2474 1117 2522 Allers
1146 2473 1324 2522 Haasii
1355 2476 1406 2522 et
1436 2473 1643 2522 Dielesii
1676 2473 1841 2522 obser-

134 2546 422 2595 vationibus
474 2563 591 2597 usus
630 2551 764 2596 recte
805 2548 867 2597 ab
914 2549 1061 2597 initio
1101 2549 1218 2597 libri
1257 2548 1374 2597 IVb
1414 2564 1546 2597 nunc
1585 2547 1843 2611 deperdito

134 2621 373 2684 repetivit
414 2616 578 2689 (Stud.
604 2622 630 2671 I
659 2617 853 2691 112).¹)
888 2624 933 2670 V
962 2626 1046 2685 14,
1073 2626 1106 2671 4
1139 2625 1222 2672 >ed
1253 2625 1372 2672 haec
1402 2623 1682 2684 dili-qeutius
1704 2637 1844 2683 per-

133 2708 372 2756 sequar,
414 2711 524 2746 cum
555 2712 792 2758 quaeram
832 2700 891 2746 de
928 2700 1137 2747 motibus
1176 2702 1348 2754 terrae,
1391 2713 1454 2746 sc.
1493 2699 1547 2746 in
1584 2697 1714 2745 libro
1756 2696 1842 2745 VI.

131 2909 157 2940 r
244 2839 482 2942 ‘QtAdde'
507 2839 767 2896 quod1136
792 2843 942 2899 capite
965 2843 1126 2886 niveae
1150 2855 1300 2900 aynae
1324 2843 1511 2886 exorari
1535 2841 1595 2884 ad
1613 2839 1715 2884 IVb
1735 2844 1840 2897 6sq.

158 2911 302 2955 espici
330 2934 337 2942 .
