1988 3138
538 118 763 164 NATUR.
797 117 1047 172 QUAEST.
1079 117 1191 162 LIB.
1223 117 1257 171 I.
1293 121 1361 161 17.
1731 114 1801 168 41

112 243 327 312 quidem
381 259 543 295 manu
598 240 759 293 crinis
814 240 928 306 ille,
983 257 1142 307 quem
1193 239 1462 292 effundere
1510 239 1640 291 olim
1690 257 1807 291 mos

111 318 241 370 viris
290 317 416 383 fuit,
466 313 870 380 attrectabatur‚
922 314 1013 366 sed
1063 314 1218 365 illum
1259 313 1361 366 sibi
1400 314 1504 382 ipsi
1544 313 1656 366 sine
1695 314 1807 366 ullo

113 391 315 444 artifice
368 389 593 443 formosi
648 387 981 457 quatiebant,
1042 404 1171 458 non·
1206 388 1361 440 aliter
1414 406 1574 458 quam
1629 387 1810 439 iubam

114 462 671 537 generosa'animalia.
734 465 922 531 postea
960 460 1066 514 iam
1104 480 1282 514 rerum
1323 458 1561 530 potiente
1599 462 1813 514 luxuria
1843 475 1869 514 8

71 562 91 594 5
116 540 333 609 specula
370 539 499 590 totis
538 537 700 606 paria*
728 535 1041 605 corporibus
1082 538 1222 588 auros
1251 540 1578 606 argentoque
1612 537 1813 588 caelata

115 618 254 680 sunt,
293 613 520 684 gemmis
561 611 749 664 deinde
789 611 1066 682 adornata3
1109 613 1170 680 ,et
1206 611 1377 679 pluris
1417 629 1584 663 unum
1624 629 1690 663 ex
1727 610 1812 663 his

115 689 344 742 feminae
377 687 640 752 constitit,
680 692 841 753 quarn
875 685 1213 753 antiquarum
1249 684 1344 737 dos
1376 685 1480 736 fuit
1517 685 1673 754 [non]
1706 686 1813 753 illa,

116 781 250 831 quae
300 761 517 830 publice
561 760 785 832 dabatur
835 760 1219 828 imperatorum
1269 777 1563 828 pauperum
1616 759 1812 812 liberis,

116 855 183 890 an
222 840 283 889 tu
321 836 596 888 existimas
636 852 765 886 auro
805 833 1037 886 inditum
1075 831 1327 886 habuisse
1368 831 1636 903 Scipionis
1676 834 1813 887 filias

50 933 94 965 ιο
118 911 419 981 speculum,
470 927 591 962 cum
618 909 761 961 'illis’
804 908 900 960 dos
952 908 1142 960 fuisset
1169 911 1276 960 'aes
1325 908 1521 978 grave?
1606 926 1636 960 o
1684 908 1815 961 felix
1847 924 1872 963 9

115 988 418 1055 paupertas>
450 1002 586 1053 quae
618 986 768 1035 tanto
801 983 961 1034 titulo
993 983 1173 1035 locum
1206 982 1355 1035 fecitl
1416 1000 1527 1035 non
1557 983 1816 1050 cepissent

117 1061 265 1112 illam
304 1059 499 1126 dotem,
546 1058 592 1110 si
643 1057 998 1109 habuissent..
1048 1060 1103 1108 at
1141 1057 1385 1125 quisquis
1426 1058 1516 1109 ille
1556 1058 1817 1124 erat‚·cui

118 1134 288 1187 soceri
326 1134 448 1186 loco
488 1135 703 1185 senatus
742 1132 868 1199 fuit,
916 1131 1182 1183 intellexit
1221 1132 1488 1200 accepisse
1528 1150 1583 1184 se
1624 1132 1817 1199 dotem,

55 1231 74 1260 «-
121 1227 280 1277 quam
321 1208 416 1260 fasv
441 1226 550 1260 non
589 1209 729 1260 esset
765 1205 997 1259 reddere.
1061 1206 1167 1258 iam
1198 1206 1572 1259 libertinorum
1603 1207 1819 1277 virgun-

52 1302 97 1336 ιε
120 1284 255 1336 culis
306 1282 579 1334 inunum
632 1281 910 1350 speculum
961 1298 1069 1332 non
1110 1280 1310 1333 sufficit
1356 1281 1450 1333 illa
1489 1280 1606 1348 doe,
1657 1299 1818 1349 quam

121 1357 268 1411 dedit
305 1375 403 1426 pro
443 1357 481 1423 †
521 1366 604 1408 aio
644 1356 683 1423 †
723 1373 790 1407 se.
853 1355 1116 1423 processit
1154 1354 1297 1407 enim
1336 1356 1596 1424 paulatim
1636 1356 1695 1407 in
1723 1355 1819 1408 ‘de-'
1853 1370 1907 1410 10

120 1433 286 1485 terius
338 1430 530 1500 opibus
582 1430 714 1499 ipsis
765 1430 990 1481 invitata
1038 1430 1272 1497 luxuria,
1323 1433 1378 1483 et
1431 1430 1819 1483 incrementum

121 1508 310 1577 ingens
349 1506 483 1558 vitia
532 1507 810 1574 ceperunt,
861 1503 1100 1572 adeoque
1140 1504 1335 1569 omnia*
1370 1504 1657 1557 indiscreta
1697 1507 1821 1556 sunt

60 1619 62 1625 ·
123 1580 499 1633 diversissimis
553 1578 779 1646 artibuS,
833 1581 894 1630 ut
949 1577 1205 1646 quicquid
1259 1578 1489 1631 mundus
1545 1578 1820 1631 muliebris

54 1654 427 1721 ,avocabatury
468 1654 703 1706 sarcinae
736 1651 916 1705 viriles
957 1652 1085 1704 sint:
1126 1671 1309 1705 omnes
1351 1653 1485 1721 dico,
1524 1654 1685 1706 etiam
1725 1654 1821 1706 mi·

123 1730 316 1782 litares.
381 1730 486 1781 iam
521 1728 796 1797 speculum
831 1731 1048 1779 ornatus
1081 1730 1289 1779 tantum
1316 1745 1475 1780 causa
1507 1727 1823 1780 adhibetur?

123 1805 259 1857 nulli
299 1821 406 1855 non
446 1804 578 1855 vitio
619 1800 974 1855 necessarium
1015 1802 1216 1854 factum
1258 1805 1350 1855 est.

244 2029 266 2067 1
299 2024 461 2082 manu]
504 2022 722 2067 manibus
754 2024 794 2066 A
848 2023 854 2078 Ι
903 2023 1021 2080 mos]
1055 2035 1161 2065 mox
1193 2023 1227 2066 λ
1282 2023 1297 2080 ΙΙ
1350 2027 1376 2067 3
1410 2023 1570 2083 quam]
1612 2037 1648 2067 s.
1682 2023 1708 2066 l.
1743 2025 1778 2068 λ
1809 2025 1823 2081 ΙΙ

126 2088 154 2127 8
185 2083 354 2142 pluris]
386 2082 574 2140 populis
598 2086 716 2126 ror
760 2080 941 2139 poculis
967 2085 1007 2125 Δ
1040 2084 1053 2137 ΙΙ
1085 2087 1110 2125 7
1145 2095 1238 2125 non
1269 2083 1352 2127 del.
1373 2083 1504 2128 Pinc.
1538 2084 1552 2140 ΙΙ
1585 2087 1610 2126 8
1641 2082 1824 2142 liberis]

127 2142 314 2211 filiabus
338 2146 379 2187 Δ
426 2145 441 2199 n
487 2146 516 2185 9
547 2140 1030 2210 inditumJOinclutum
1057 2145 1095 2184 Δ
1142 2141 1560 2211 inlitum-Madui·
1600 2144 1614 2199 11
1655 2147 1701 2185 11
1732 2157 1825 2187 non

127 2205 378 2321 affixa
392 2200 891 2319 ¹12⁰]n133512223¹⁸53³3
919 2203 977 2304 ἐ
991 2202 1447 2318 {hisn‘zssm‘ssssffzfflss
1471 2202 1591 2321 effa}
1623 2205 1826 2319 ῗέῑῖῗῗῗι

126 2326 179 2366 18
224 2335 308 2379 pro
356 2322 513 2365 animo
554 2334 602 2365 se
637 2320 709 2379 Φ]
763 2332 846 2377 pro
887 2332 935 2364 se
979 2319 1127 2377 scipio
1160 2323 1200 2365 A
1254 2335 1339 2378 pro
1373 2320 1589 2379 Scipione
1636 2323 1826 2366 senatus

129 2381 264 2436 Itali,
309 2381 479 2426 Mur-et.
515 2380 562 2423 P.
596 2379 678 2424 Ro.
713 2378 921 2448 Scipioni
954 2379 1156 2438 Scaliyer
1200 2383 1388 2425 senatus
1431 2381 1594 2438 populi
1625 2381 1827 2426 Romani

129 2441 315 2485 nomine
341 2440 561 2498 Madtiy,
592 2453 677 2496 pro
701 2438 923 2483 Africano
965 2443 1154 2483 senatus
1179 2440 1287 2493 Leo,
1312 2439 1360 2484 P.
1387 2440 1517 2485 Rom.
1545 2440 1588 2486 S.
1616 2439 1661 2485 C.
1688 2441 1825 2486 Ross-

129 2501 239 2545 bach
272 2503 462 2544 senatus
495 2499 615 2557 proli
647 2498 879 2556 gloriosae
904 2498 1128 2544 Schultess
1163 2502 1168 2556 Ι
1202 2499 1328 2557 paul.
1362 2500 1412 2543 in
1437 2500 1551 2559 det]
1584 2500 1826 2545 molestius

128 2558 358 2618 paulatim
384 2562 424 2604 A
457 2561 471 2616 ΙΙ
502 2563 551 2602 17
585 2558 741 2617 inuit]
772 2558 957 2602 mutata
981 2560 1026 2602 A
1054 2560 1068 2615 ΙΙ
1098 2563 1150 2602 19
1174 2559 1395 2619 mundus]
1420 2560 1639 2603 mundius
1662 2562 1790 2604 1²11).
1814 2561 1828 2617 Η

128 2623 187 2663 20
219 2632 378 2663 omnes
431 2618 584 2663 minus
610 2621 650 2662 A
699 2620 713 2673 η
754 2621 806 2661 21
839 2617 953 2676 iam]
984 2619 1091 2671 fort.
1126 2631 1186 2662 an
1218 2619 1312 2663 iam
1341 2619 1419 2664 Ge.
1453 2619 1547 2663 iam
1579 2632 1700 2677 spec.
1734 2633 1827 2663 non

129 2693 225 2723 orn.
254 2715 263 2723 .
293 2715 300 2722 .
328 2692 356 2723 a
423 2678 597 2723 ibetur:
632 2677 822 2722 Skutach
