1988 3138
177 125 284 179 134
438 161 460 165 »γ
523 154 529 159 -
710 124 759 168 L.
791 123 1029 168 ANNAEI
1059 123 1333 168 SENECAE
1414 149 1416 151 v

173 243 314 300 enim
348 243 611 300 elementa
641 247 706 298 ad
745 241 819 314 id,
847 245 988 314 quod
1023 245 1256 312 debetur,
1287 264 1451 314 pensa
1485 249 1628 297 sunt:
1668 247 1871 314 aliquid

173 324 385 390 oportet
436 322 588 373 alteri
639 315 874 388 accedat,
925 324 987 372 ut
1038 338 1172 388 quae
1219 320 1538 372 libramento
1581 324 1745 387 stant,
1793 322 1869 371 in-

164 396 465 464 aequalitas
512 395 703 447 turbet.
794 395 1007 447 accedet
1056 395 1253 462 umori,
1306 412 1449 446 nunc
1501 395 1644 446 enim
1692 394 1867 461 habet,

172 488 278 538 quo
319 470 519 522 ambiat
569 473 751 537 terras,
799 486 906 521 non
950 486 1057 536 quo
1098 469 1310 521 obruat:
1366 469 1621 536 quicquid
1661 469 1742 520 illi
1782 470 1867 520 ad-

109 559 135 598 6
168 544 377 611 ieceriS,
427 562 642 596 necesse
694 547 774 595 est
824 544 880 594 in
932 543 1163 594 alienum
1202 544 1382 595 locum
1424 543 1665 595 exundet.
1745 544 1868 596 uide
1915 564 1934 596 5

101 629 106 634 '
169 636 295 688 ergo
335 637 402 670 ne
452 621 596 671 terra
635 618 824 670 debeat
862 618 1056 684 minui,
1106 621 1168 668 ut
1205 617 1452 668 validiori
1502 617 1714 668 infirma
1754 636 1867 670 suc-

167 693 395 744 cumbat.
460 693 682 761 incipiet
721 710 848 762 ergo
888 694 1206 760 putrescere,
1247 690 1439 744 dehinc
1478 692 1656 743 laxata
1695 692 1770 743 ire
1812 693 1868 743 in

165 785 407 819 umorem
459 770 513 819 et
564 766 776 819 assidua
826 766 947 818 tabe
997 765 1238 817 defluere.
1318 769 1446 818 tunc
1496 767 1715 817 exilient
1767 767 1864 818 sub

165 841 440 893 montibus
480 842 703 893 flumina
742 841 994 909 ipsosque
1033 840 1237 908 impeta
1274 841 1536 907 quatient3
1577 839 1698 891 inde
1739 859 1866 892 aura

110 930 133 969 7
168 918 310 969 tacta
364 915 680 984 manabunt3
740 916 913 967 solum
970 933 1126 966 omne
1182 932 1345 982 aquas
1399 914 1604 981 reddet,
1669 916 1863 966 summi
1890 937 1933 967 ιο

169 991 459 1043 scaturient
508 993 730 1042 montes.
811 988 1259 1058 quemadmodum
1311 989 1367 1039 in
1406 988 1654 1040 morbum
1694 991 1866 1040 trans-

99 1072 106 1099 ·'
164 1068 292 1116 eunt
347 1083 474 1116 sana
529 1067 581 1116 et
634 1063 797 1117 ulceri
854 1064 1031 1116 vicina
1086 1063 1446 1130 consentiunt,
1508 1065 1569 1114 ut
1624 1081 1864 1131 quaeque

163 1139 410 1207 proxima
454 1140 608 1190 terris
659 1138 949 1190 fluentibus
989 1138 1190 1189 fuerint
1199 1179 1212 1204 ,
1260 1138 1376 1205 ipsa
1417 1138 1662 1188 eluentur
1701 1138 1866 1189 stilla-

163 1213 418 1281 buntque,
459 1213 647 1265 deinde
688 1215 915 1280 current,
966 1215 1018 1264 et
1057 1210 1238 1263 hiante
1277 1212 1521 1280 pluribus
1561 1212 1694 1264 locis
1736 1230 1862 1264 saxo

165 1287 303 1356 [per]
348 1288 545 1339 fretum
586 1287 739 1339 saliet
779 1290 832 1339 et
869 1287 1037 1338 maria
1076 1287 1215 1338 inter
1254 1304 1307 1338 se
1349 1289 1648 1354 componet.
1725 1286 1862 1338 nihil
1888 1307 1931 1339 15

165 1365 321 1413 erunt
345 1361 525 1430 Adria,
557 1361 695 1413 nihil
720 1360 888 1414 Siculi
913 1361 1157 1430 aequoris
1190 1361 1383 1427 fauces,
1407 1361 1544 1411 nihil
1570 1359 1863 1429 Charybdis

160 1435 300 1487 nihil
334 1434 534 1504 Scylla:
576 1454 758 1488 omnes
797 1454 998 1488 novum
1030 1453 1174 1487 mare
1212 1435 1420 1486 fabulas
1455 1435 1644 1486 obruet
1683 1438 1736 1486 et
1773 1434 1862 1488 hic

163 1511 255 1579 qui
306 1514 473 1563 terras
526 1511 694 1582 cingit
745 1528 972 1564 oceanus
1025 1513 1260 1562 extrema
1311 1510 1530 1561 sortitus
1578 1510 1755 1561 veniet
1806 1510 1863 1560 in

102 1590 128 1639 '8
161 1584 410 1637 medium.
491 1585 619 1653 quid
659 1603 785 1655 ergo
827 1584 942 1637 est‘?
1003 1584 1353 1636 nihilominus
1406 1584 1609 1635 tenebit
1660 1584 1861 1635 alienos

161 1677 368 1711 menses
394 1659 580 1726 hiemS,
610 1662 780 1711 aestas
805 1658 1193 1727 prohibebitur,
1219 1661 1270 1709 et
1296 1657 1669 1726 quodcumque
1693 1661 1859 1710 terras
1886 1679 1929 1710 20

165 1734 311 1786 sidus
370 1735 624 1801 exsiccat,
686 1751 990 1802 compresso
1044 1732 1229 1785 ardore
1281 1732 1520 1785 cessabit.
1609 1732 1862 1800 peribunt

161 1811 244 1860 tot
292 1810 534 1876 nomina,
582 1807 834 1877 Caspium
881 1812 934 1859 et
972 1806 1216 1859 Rubrum
1268 1825 1434 1874 mare,
1484 1805 1759 1858 Ambracii
1808 1810 1861 1859 et

164 1880 359 1936 Cretici
410 1883 579 1951 sinus,
617 1882 905 1951 Propontis
947 1885 1000 1934 et
1036 1881 1240 1934 Pontus
1251 1923 1264 1949 ,
1314 1881 1511 1949 peribit
1562 1899 1717 1933 omne
1759 1881 1861 1932 dis—

255 2032 409 2096 ‘1834
442 2030 499 2084 cf.
531 2029 673 2073 Anth.
698 2029 756 2072 L.
783 2031 856 2082 31,
881 2032 914 2072 2
946 2027 1134 2083 (PLM
1161 2029 1245 2072 IV
1263 2031 1365 2083 69):
1412 2027 1617 2071 Oceanus
1659 2027 1858 2071 ‘mediam

159 2093 281 2132 vemt
311 2090 363 2132 in
394 2089 647 2144 imperium.
1672 2124 1674 2129 .

279 2228 301 2265 1
333 2222 532 2281 aliquid]
569 2223 699 2266 aliud
724 2225 758 2268 λ
783 2225 796 2280 ΙΙ
827 2228 854 2266 2
885 2223 1041 2281 alteri]
1073 2222 1168 2265 utri
1198 2222 1399 2267 subaudi
1434 2224 1438 2277 1
1475 2220 1687 2278 accedat]
1721 2219 1859 2263 cedat

159 2287 194 2324 Ε
226 2283 240 2339 Η
273 2286 298 2324 3
332 2283 572 2341 (h)umori]
615 2283 782 2326 humor
813 2287 841 2325 Z
888 2283 1054 2326 humor
1084 2282 1268 2326 humori
1300 2287 1334 2324 E
1372 2283 1376 2337 Ι
1413 2281 1556 2338 enim]
1602 2293 1683 2323 om.
1718 2281 1811 2335 20²)
1844 2281 1857 2335 Η

161 2346 185 2383 5
220 2341 447 2400 alienum]
483 2343 541 2397 cf.
576 2344 602 2386 l.
638 2347 717 2387 19:
756 2343 930 2388 alienos
960 2356 1129 2387 menses
1164 2344 1168 2399 Ι
1204 2342 1310 2385 vide
1338 2377 1345 2384 .
1374 2377 1382 2384 .
1409 2341 1486 2398 ne]
1520 2341 1549 2383 i.
1576 2354 1610 2383 e.
1643 2339 1856 2392 forsitan,

159 2402 216 2455 cf.
244 2401 438 2445 Kahner
461 2403 525 2444 II
541 2402 574 2460 ἕ
600 2406 699 2457 189,
722 2406 754 2447 2
785 2403 892 2446 adn.
920 2407 944 2445 1
979 2404 992 2458 ll
1024 2406 1051 2444 6
1084 2401 1255 2444 debeat
1284 2399 1434 2443 minui
1469 2398 1648 2456 Mada]
1687 2397 1857 2441 debeat

158 2461 311 2503 minus
355 2463 407 2504 Φ
452 2460 630 2504 habeat
675 2462 829 2504 minus
866 2462 1062 2506 Fortun.
1113 2460 1272 2504 debito
1318 2459 1492 2503 habeat
1538 2458 1691 2501 minus
1723 2458 1856 2501 Bad-

157 2521 343 2564 stabner
373 2522 386 2576 ΙΙ
418 2524 445 2562 9
477 2521 658 2576 impetu
690 2521 908 2579 Fortun]
949 2521 1151 2577 impetus
1183 2522 1197 2577 ΙΙ
1229 2525 1280 2562 10
1311 2519 1460 2576 tacta]
1500 2519 1605 2573 fort.
1637 2516 1756 2560 tacti
1795 2531 1853 2561 sc.
1986 2568 1988 2575 Α

159 2585 331 2624 ‘montes
365 2579 443 2622 Ge.
476 2581 571 2624 ‘nisi
610 2580 767 2624 omnia
807 2581 1053 2624 subaudire
1083 2581 1230 2624 mavis
1265 2581 1270 2636 1
1305 2591 1440 2622 omne
1472 2577 1622 2620 solum
1655 2577 1750 2620 coll.
1778 2591 1810 2634 ρ
1842 2578 1855 2631 ΙΙ
1986 2577 1988 2611 1

158 2643 211 2681 12
245 2639 561 2697 consentiunt]
592 2641 696 2695 fort.
732 2639 1002 2695 contagium
1034 2639 1242 2682 sentiunt
1270 2639 1347 2682 Ge.
1377 2640 1382 2694 Ι
1418 2649 1630 2692 quaeque
1657 2671 1665 2678 .
1696 2671 1703 2678 .
1729 2635 1853 2693 ipsa]
1985 2614 1988 2705 1

156 2704 215 2742 ‘sc
249 2703 428 2742 terrena
467 2700 480 2754 ΙΙ
519 2703 571 2741 14
604 2699 793 2757 deinde]
835 2699 943 2742 dein
976 2698 1166 2743 Skutsch
1209 2700 1213 2754 Ι
1258 2698 1388 2756 saxo]
1429 2708 1541 2739 saxa
1573 2710 1605 2754 ρ
1637 2696 1650 2751 ΙΙ
1683 2700 1731 2737 15
1772 2708 1857 2750 per
1939 2737 1942 2741 ,

156 2756 242 2801 =del.
279 2758 496 2815 Madviy]
539 2772 626 2814 par
657 2760 838 2812 Haase,
879 2759 984 2812 fort.
1025 2758 1220 2814 perinde
1257 2757 1358 2811 Ga,
1401 2769 1484 2812 per
1526 2755 1710 2797 hiatum
1748 2755 1855 2798 Voss

158 2819 281 2861 meas
312 2818 324 2874 ΙΙ
356 2821 407 2860 16
441 2815 573 2862 Char.
606 2833 649 2862 n.
686 2817 776 2876 Sc]
799 2817 1020 2860 ‘caribdis
1059 2816 1205 2860 nichil
1245 2815 1377 2860 scilla
1409 2814 1526 2859 trad.
1559 2816 1572 2871 Η
1604 2819 1654 2856 18
1687 2813 1854 2871 cingit]

159 2875 333 2934 scingit
364 2878 470 2933 λθ)
508 2878 512 2933 Ι
547 2878 612 2933 in]
650 2891 732 2920 om.
767 2892 799 2934 ρ
835 2878 849 2934 ΙΙ
889 2882 946 2920 20
980 2877 1165 2934 quode]
1200 2876 1549 2932 quic(um)q(ue)
1582 2875 1692 2929 Ρζρ)
1726 2874 1854 2928 quic—

159 2936 308 2993 q(uid)
341 2941 372 2978 '1'
405 2937 418 2993 ΙΙ
450 2941 507 2979 22
540 2935 786 2995 ambracii]
819 2936 933 2979 -aici
968 2938 1020 2979 Φ
1061 2937 1155 2979 -aci
1186 2940 1215 2977 Ζ
1248 2937 1260 2991 ΙΙ
1293 2939 1349 2978 23
1383 2933 1521 2991 Cret]
1557 2932 1716 2976 certici
1749 2934 1783 2975 λ
