1988 3138
723 109 1068 155 PRAEFATIO
1560 109 1755 154 XXXIX
1783 112 1786 114 ’

171 237 487 286 Florentinus
519 236 887 285 Laurentianus
920 237 1006 297 82,
1032 237 1102 285 20
1134 236 1288 284 chart.
1319 251 1412 284 rec.
1455 235 1593 284 Stud.
1618 220 1647 283 1'
1670 237 1754 285 1.·2.

171 311 428 360 Accedunt
465 310 582 359 libri
620 311 851 375 vulgares
889 311 943 358 in
981 312 1124 372 parte
1161 309 1328 372 priore
1359 303 1561 376 (1—111
1586 311 1672 372 25,
1699 302 1759 376 6)

58 402 119 435 ex
158 400 186 436 ε
224 386 483 448 descripti:
523 386 584 434 cf.
623 400 775 447 supra
811 401 860 446 p.
890 384 1115 432 XXXVI.

487 536 536 581 4.
576 532 744 581 Libri
782 533 1039 596 originis
1078 534 1324 597 ignotae

173 638 431 687 Parisinus
462 637 580 686 bibl.
611 637 881 686 nationalis
918 639 983 685 17
1005 637 1110 685 842
1145 652 1270 686 saec.
1294 636 1400 685 XV.
1441 636 1648 686 Stud.II
1673 639 1760 686 42.

174 713 424 773 Vaticani,
479 713 565 775 qui
619 712 740 760 olim
794 711 1066 760 Alexandri
1111 711 1302 760 Petavii
1358 713 1584 773 fuerunt,
1639 712 1760 774 905,

65 789 232 849 1138;
274 789 359 847 58,
402 788 561 848 1142,
604 787 759 835 1338.

177 861 542 911 Cameracensis
585 862 688 910 939
730 860 934 908 membr.
975 878 1016 908 a.
1063 861 1202 910 1379
1246 876 1336 909 scr.
1371 859 1561 908 Stud.I
1588 861 1671 909 22.

176 937 432 985 Parisinus
470 936 637 1000 regius
678 936 821 985 6395
855 935 1058 983 membr.
1098 950 1222 983 saec.
1252 934 1366 996 XV,
1407 935 1493 998 qui
1533 936 1763 997 excerpta

60 1015 261 1061 tantum
302 1011 513 1060 Senecae
552 1011 788 1059 continet.
866 1009 1006 1058 Stud.
1030 1010 1055 1057 I
1081 1011 1165 1058 22.
1252 1023 1255 1026 ’

177 1085 280 1134 Alii
319 1085 510 1134 codices
548 1087 600 1133 in
642 1084 884 1148 catalogis
927 1085 1140 1134 vetustis
1188 1086 1638 1132 commemorantur
1678 1075 1763 1150 (cf.

64 1161 206 1210 Stud.
231 1160 255 1208 I
281 1153 524 1226 87—90)
558 1160 639 1208 vel
671 1175 702 1207 a
732 1161 855 1208 viris
888 1159 1046 1208 doctis
1086 1161 1202 1207 ante
1235 1158 1522 1207 Fickertum
1554 1158 1766 1206 adhibiti

63 1235 144 1284 hic
183 1235 287 1283 illic
326 1235 614 1284 afferuntur.

481 1453 570 1507 VI.
621 1453 698 1506 De
738 1451 982 1507 codicum
1023 1452 1356 1508 correcturis

181 1577 415 1640 Plerique
442 1576 655 1625 Senecae
687 1576 879 1625 codices
919 1591 1017 1625 non
1050 1577 1212 1625 solum
1244 1591 1364 1625 suae
1396 1576 1619 1625 familiae
1652 1592 1768 1640 gen-

68 1653 233 1715 tisque
266 1653 409 1716 signa
441 1667 560 1714 prae
593 1667 644 1699 se
674 1653 844 1700 ferunt
874 1652 960 1700 sed
991 1652 1144 1699 etiam
1176 1651 1390 1714 vestigia
1423 1651 1577 1700 studii
1607 1651 1768 1714 philo-

67 1727 298 1791 logorum
338 1728 389 1775 et
426 1729 761 1775 correctorum
807 1729 913 1774 tam
958 1726 1239 1787 manifesta,
1286 1727 1344 1773 ut
1389 1726 1510 1774 haec
1551 1725 1784 1778 affinitas.

68 1801 431 1865 exemplarium
455 1817 613 1863 aeque
645 1800 1016 1849 emendatorum
1051 1815 1403 1863 nonnusquam
1434 1800 1595 1864 magis
1621 1816 1770 1863 quam

68 1876 162 1924 illa
192 1876 459 1941 gentilium
488 1876 729 1938 primaria
761 1875 848 1924 sed
878 1875 1057 1924 obruta
1090 1877 1345 1938 appareat.
1404 1875 1498 1924 hac
1530 1874 1590 1923 de
1622 1890 1773 1924 causa

69 1952 234 2014 primo
273 1949 453 2000 obtutu
492 1950 675 1998 librum
714 1943 753 1998 'l'
794 1949 911 1998 dum
950 1951 1163 2013 inspicio
1203 1949 1471 2013 gemellum
1510 1949 1693 1999 codicis
1729 1943 1771 1998 E

71 2041 176 2074 csse
216 2025 407 2088 putavi.
464 2026 699 2073 nimirum
731 2025 904 2073 multis
937 2025 1079 2073 libris
1111 2040 1276 2073 secum
1309 2026 1611 2087 comparatis
1644 2024 1773 2074 alius

71 2099 273 2151 aliunde
324 2103 374 2149 et
424 2099 578 2148 bonas
629 2099 866 2149 lectiones
933 2105 983 2148 et
1048 2099 1227 2148 menda
1278 2115 1455 2162 parum
1513 2101 1775 2162 perspecta

71 2174 356 2235 hauriebat,
405 2173 532 2222 alius
581 2173 702 2222 alibi
743 2174 1113 2223 emendationes
1154 2173 1381 2223 addebat.
1460 2190 1617 2236 neque
1657 2189 1774 2223 vero

72 2249 167 2297 hae
222 2250 550 2298 correctiones
605 2252 654 2297 et
707 2248 1077 2297 emendationes
1133 2264 1288 2311 usque
1336 2248 1399 2296 ad
1448 2248 1776 2311 archetypum

73 2323 314 2372 librorum
354 2323 592 2372 recedunt
632 2339 789 2386 neque
830 2323 979 2385 ultra,
1018 2323 1104 2372 sed
1143 2325 1197 2371 in
1236 2322 1377 2371 libris
1416 2323 1775 2372 recentioribus

74 2397 333 2463 leguntur,
380 2400 531 2460 atque
579 2397 791 2446 maxime
838 2400 891 2446 in
931 2396 992 2460 d,
1025 2411 1072 2460 ε,
1104 2412 1142 2462 η
1184 2397 1418 2446 videntur
1455 2398 1622 2447 fuisse.
1701 2399 1774 2445 in-

77 2474 204 2521 tacti
243 2472 305 2522 ab
345 2473 406 2521 iis
449 2466 636 2534 ΦθΗ,
675 2472 826 2535 paulo
867 2473 1029 2521 minus
1069 2471 1101 2521 λ
1142 2467 1215 2539 (et
1247 2466 1343 2539 ρ’ἒ)
1383 2474 1687 2534 manserunt,
1728 2474 1778 2520 et

75 2547 269 2596 codices
315 2540 348 2604 J
354 2540 425 2595 ¹K
438 2540 499 2594 Ιι1
548 2561 709 2609 pauca
755 2563 813 2596 ex
860 2547 988 2596 alius
1037 2547 1206 2610 stirpis
1255 2546 1506 2596 codicibus
1554 2547 1618 2596 ad
1665 2546 1777 2596 stir-

76 2623 155 2685 pis
194 2620 227 2670 λ
266 2625 457 2670 textum
496 2621 750 2682 adnotata,
794 2621 895 2671 alia
934 2614 1049 2670 L²O
1090 2621 1343 2684 praebent.
1420 2637 1581 2684 neque
1622 2621 1780 2685 igitur

76 2695 405 2744 fundamento
452 2711 697 2756 caremus,
744 2696 786 2744 si
829 2696 882 2745 Φ
930 2698 979 2745 et
1022 2696 1186 2759 ipsum
1226 2696 1554 2759 archetypum
1593 2696 1779 2744 lacera-

77 2772 184 2818 tum
240 2771 501 2819 restituere
554 2785 812 2830 conamur,
867 2787 1025 2833 neque
1079 2774 1176 2831 est,
1230 2787 1319 2819 cur
1368 2774 1675 2819 correcturas
1730 2771 1795 2818 etv

79 2844 492 2907 interpolationes
538 2844 655 2893 huic
702 2844 1049 2894 attribuamus.
1136 2845 1287 2893 immo
1342 2844 1495 2893 medii
1549 2844 1656 2893 aevi
1714 2859 1777 2893 sc.

80 2919 386 2967 saeculorum
416 2913 599 2967 xllxll
631 2922 683 2967 et
714 2920 1024 2981 sequentium
1059 2919 1228 2967 studia
1267 2919 1438 2966 sedula
1478 2918 1780 2976 revelantur,
