1988 3138
761 93 1105 140 PRAEFATIO
1653 95 1784 141 XXV

0 223 40 279 Δ
195 223 357 272 Multo
395 223 542 285 plura
579 221 633 269 in
673 220 923 270 codicibus
968 221 1191 270 familiae
1230 219 1276 270 A
1324 222 1573 271 lacunosis
1613 221 1783 285 depre-

82 298 380 358 henduntur,
433 296 592 345 veluti
651 295 879 344 undecim
940 295 1152 345 lacunae
1207 296 1473 359 ampliores
1527 296 1582 344 in
1641 297 1783 347 libris

0 397 4 411 2
81 371 332 435 prioribus
356 365 524 437 (Stud.
552 370 581 418 I
612 371 644 418 8
663 362 782 435 sq.):
823 370 1014 419 scilicet
1041 369 1069 418 I
1104 374 1151 431 1,
1177 371 1224 419 6.
1267 373 1314 432 2,
1341 374 1388 420 9.
1430 372 1478 431 5,
1505 372 1550 418 2.
1590 370 1642 418 II
1668 373 1717 433 9,
1735 373 1782 420 3.

0 418 8 514 Ι
86 448 171 506 12,
198 448 243 494 2.
295 447 453 507 14,1.
502 446 589 504 40,
616 445 663 493 5.
712 447 799 504 41,
827 447 872 492 1.
922 445 1012 505 55,⁴
1035 446 1081 493 3.
1132 446 1218 505 59,
1244 446 1291 494 3.
1338 445 1417 494 m
1451 447 1536 506 11,
1572 448 1626 507 1,
1682 461 1784 508 qua

0 519 6 560 ῑ
82 520 308 570 socordia
368 520 489 581 fuit,
543 518 705 568 scriba
765 522 900 567 totas
959 520 1128 568 omisit
1188 520 1360 568 lineas.
1455 519 1580 568 alibi
1632 520 1785 569 verba

0 599 3 634 ἶ
80 594 391 658 transposuit
412 609 512 642 non
547 609 723 656 pauca,
753 593 908 642 libere
933 594 1256 642 sententiolas
1286 594 1518 655 reddidit,
1550 598 1785 658 corrupta

0 656 5 697 ἶ
79 669 375 718 coniecturis
413 669 674 717 emendare
712 667 931 728 studuit,
975 669 1148 731 inepta
1189 684 1316 731 quae
1353 668 1656 718 videbantur
1694 671 1784 718 aut

81 744 286 793 sustulit
332 745 420 791 sut
465 743 692 792 corren‘t.
778 743 918 790 cuius
971 742 1204 791 licentiae
1254 744 1376 792 haec
1423 744 1649 806 exempla.
1697 744 1782 792 ad-

78 819 208 868 ferre
248 817 482 867 sufficiet:

76 951 106 1000 Ι
135 951 291 1016 praef.
327 953 393 1000 17
434 953 522 1000 hoc
558 955 680 1001 certe
716 954 886 1007 sciam,
976 952 1064 1000 hoc
1101 954 1223 1001 certe
1266 954 1444 1009 sciam,
1483 955 1651 1002 omnia
1697 968 1786 1002 am-

154 1028 322 1075 omm'a
352 1030 564 1089 angusta
587 1041 700 1081 esse,
733 1042 886 1075 men·
1047 1030 1194 1088 qusta
1226 1041 1338 1075 esse.
1389 1028 1490 1075 sed
1519 1029 1660 1076 haec
1690 1027 1783 1076 de·
1882 1042 1888 1050 ·

152 1116 253 1149 sus
292 1101 470 1150 deum.
514 1101 568 1149 Φ
1050 1101 1199 1150 inde.
1241 1098 1286 1149 A

77 1204 159 1254 m
201 1206 286 1266 15,
320 1208 347 1253 1
399 1205 466 1253 ad
514 1206 886 1254 similitudinem
974 1205 1115 1254 illam
1130 1205 1198 1254 ad
1218 1205 1591 1254 similitudmem
1613 1207 1785 1255 huma-

152 1280 294 1328 illam
341 1280 671 1328 humanorum
721 1294 884 1340 corpo-
1052 1295 1231 1328 norum
1265 1295 1523 1341 corporum
1560 1283 1785 1342 forma-

154 1370 268 1403 rum
296 1358 519 1403 natura
552 1356 787 1416 formavit
819 1355 887 1411 Φ,
1052 1358 1138 1404 vit
1197 1355 1339 1403 deus
1392 1352 1437 1403 A
1502 1349 1587 1420 [de
1642 1355 1784 1404 libris

156 1428 243 1477 ubi
312 1445 368 1476 ex
438 1430 530 1477 illa
599 1431 886 1492 corruptum
1052 1429 1345 1494 vulgaribus
1371 1430 1430 1478 cf.
1459 1429 1597 1480 Stud.
1621 1429 1649 1478 I
1675 1425 1784 1496 28].

154 1503 295 1552 illam
332 1505 387 1551 in
426 1503 696 1567 archetypo
734 1507 843 1552 erat

78 1605 133 1655 11
165 1607 251 1668 48,
280 1610 306 1655 1
354 1623 474 1656 nam
520 1610 563 1656 et
607 1609 735 1669 quod
772 1623 887 1669 per·
977 1624 1097 1657 nam
1143 1635 1213 1642 —-
1266 1611 1347 1657 est.
1447 1624 1596 1670 aeque
1658 1611 1788 1658 enim

147 1685 354 1743 petuam
368 1686 542 1731 vocant
563 1683 752 1743 fulmen
773 1685 887 1743 fini·
1053 1684 1206 1732 talia
1237 1684 1304 1732 ad
1326 1684 1454 1732 diem
1483 1685 1787 1744 respondent,

155 1760 259 1804 ium
290 1759 370 1804 est.
430 1772 579 1818 aeque
610 1760 739 1806 enim
761 1755 888 1819 [est]
1052 1773 1140 1807 nec
1157 1758 1266 1807 ideo
1289 1760 1477 1819 finita
1498 1772 1613 1807 non
1635 1761 1786 1820 sunt,

156 1830 224 1879 ad
269 1831 397 1880 diem
443 1833 752 1892 respondent,
802 1846 889 1882 nec
1054 1834 1666 1894 quiamultumtempus
1690 1835 1787 1895 siq-

152 1905 260 1954 ideo
320 1908 486 1955 minus
548 1907 747 1966 finitum
807 1910 889 1964 est,
1054 1909 1323 1968 nificant.
1388 1910 1697 1968 θέᾳ-θεέ.
1739 1905 1784 1956 A

155 1982 275 2041 quia
322 1981 479 2029 multa
515 1983 776 2043 siym‘ficat.
846 1986 891 2030 et

155 2054 284 2116 quod
331 2057 705 2118 proroytm‘vum
756 2056 887 2105 vide-

156 2132 251 2185 tur,
289 2129 487 2189 finitum
526 2133 604 2179 est.
685 2130 740 2179 Φ

80 2232 174 2282 hoc
211 2233 322 2282 loco
370 2233 502 2296 quod
547 2234 780 2284 mendose
819 2235 1140 2296 respondent
1183 2251 1274 2298 pro
1311 2236 1637 2296 respondens
1683 2238 1785 2284 tra-

82 2306 294 2356 debatur
346 2309 726 2358 manifestarum
779 2311 833 2358 in
887 2307 932 2359 A
988 2310 1435 2373 interpolationum
1489 2325 1611 2359 ansa.
1672 2310 1786 2372 fuit,

81 2387 301 2431 ceterum
347 2383 399 2431 in
441 2383 532 2432 deo
571 2386 623 2432 et
667 2385 851 2433 natura.
890 2401 921 2433 a.
961 2382 1147 2434 Seneca
1186 2385 1582 2434 commemoratis
1622 2385 1786 2434 scriba

80 2456 343 2522 religiosus
382 2457 600 2507 offendit.

193 2589 287 2640 His
320 2606 470 2654 quam
502 2591 788 2642 brevissime
821 2593 1128 2643 adumbratis
1161 2593 1223 2642 ad
1262 2593 1486 2658 singulas
1524 2593 1785 2656 utriusque

82 2665 304 2714 familiae
342 2666 524 2729 stirpes
563 2666 912 2716 discernendas
962 2671 1163 2718 transeo
1202 2671 1253 2717 et
1299 2669 1517 2732 primum
1563 2667 1784 2717 melioris

78 2738 218 2863 {113'71118
258 2739 316 2863 g
349 2739 635 2882 fliomgnI3tae
671 2742 774 2791 tres
812 2742 892 2791 vel
932 2745 1174 2806 quattuor
1212 2742 1568 2792 delineaverim
1616 2735 1782 2810 (Stud.
