1988 3138
177 82 219 125 X
854 82 1196 127 PRAEFATIO

279 208 526 271 Apertum
557 211 632 258 est
662 208 814 259 libros
846 209 925 257 [H
953 209 1028 257 IV
1031 226 1059 258 a
1091 211 1245 257 etiam
1276 212 1392 258 ante
1423 209 1535 257 IVb
1568 213 1873 273 conscriptos

171 298 296 344 esse,
345 299 648 346 quamquam
691 284 814 332 haec
861 286 1227 348 argumentatio
1274 284 1372 332 nisi
1417 285 1539 332 locis
1587 285 1872 347 depravatis

173 357 260 406 sed
302 357 575 405 emendatis
613 357 781 405 fulciri
821 374 919 407 non
950 360 1149 419 poterit.
1212 361 1421 420 uterque
1454 360 1585 405 enim
1616 359 1744 407 liber
1774 376 1874 408 non

176 431 235 479 de
282 433 526 480 universis
573 432 868 481 caelestibus
913 433 999 480 sed
1038 433 1097 480 de
1140 434 1282 492 aquis
1327 434 1631 483 terrestribus
1675 436 1874 481 tantum

176 505 297 569 agit,
330 507 458 554 sicut
481 505 560 554 III
587 510 633 567 1,
661 510 687 554 1
719 505 970 555 Schultess
994 507 1192 570 egregie
1217 506 1499 554 emendavit
1524 499 1687 573 (stud.
1712 508 1737 555 I
1763 502 1871 574 62).

174 581 251 627 his
292 595 451 642 aquae
494 580 728 628 caelestes
768 584 883 643 apte
924 581 1316 643 opponebantur,
1356 581 1546 629 scilicet
1582 583 1874 631 tractandae

174 655 226 701 in
274 654 401 702 libro
447 654 587 716 IVb,
636 656 773 703 cuius
819 647 1036 703 frustula
1074 670 1244 703 vocem
1287 655 1428 702 illam
1466 671 1566 703 non
1606 657 1873 705 continent.

174 728 262 778 sed
300 728 364 777 ad
402 729 491 777 has
532 731 724 791 spectat
762 729 839 777 111
866 731 956 778 23:
994 731 1112 777 haec
1152 733 1221 777 est
1259 744 1366 789 erqo
1398 744 1643 790 aquarum
1674 731 1875 779 divisio:

175 804 463 863 quaedam
503 798 581 870 (ut
617 803 809 851 videtur
837 807 952 864 post
982 804 1013 864 †
1052 805 1192 851 illum
1231 798 1335 868 [vel
1373 798 1534 868 illam]
1577 819 1632 852 θα)
1662 807 1871 864 posteri-

174 870 367 944 oribus)
403 878 707 934 caelestes,
747 893 870 938 quas
907 879 1078 926 nubila
1112 880 1368 934 excutiunt,
1411 893 1466 925 ecc
1504 881 1707 927 terrenis
1745 880 1875 927 aliae

174 955 291 1000 sumt
322 990 330 998 .
359 989 390 1007 .,
432 953 562 1000 aliae
603 990 648 999 ..
689 953 787 1000 hoc
827 953 936 1000 loco
979 951 1186 1013 Seneca,
1230 952 1272 999 si
1309 953 1491 1000 rectius
1541 969 1672 1001 nunc
1723 969 1873 1015 quam

169 1028 323 1074 antea
379 1019 543 1092 (Stud.
585 1026 608 1073 Ι
649 1021 743 1093 67)
801 1027 923 1088 quid
967 1027 1092 1075 velit
1146 1026 1405 1090 intellego,
1451 1042 1552 1074 non
1606 1027 1766 1075 solum
1813 1028 1873 1076 de

177 1102 323 1163 aquis
371 1100 667 1149 caelestibus
708 1101 794 1149 sed
839 1102 992 1149 etiam
1035 1101 1094 1149 de
1135 1102 1298 1163 operis
1340 1102 1419 1148 sui
1457 1102 1686 1163 partibus
1726 1117 1872 1165 agere

175 1178 225 1223 et
263 1175 677 1238 dissertationem,
717 1191 867 1237 quam
913 1191 1042 1224 nunc
1080 1177 1131 1222 in
1172 1175 1300 1223 libro
1331 1175 1444 1223 IVb
1493 1176 1721 1238 legimus,
1761 1192 1872 1239 pro-

173 1250 371 1297 mittere
411 1249 629 1311 videtur,
670 1265 824 1311 quare
865 1250 1028 1298 nescio
1069 1266 1133 1297 an
1172 1254 1226 1297 ut
1263 1251 1454 1298 videtur
1486 1253 1778 1310 praestitum
1818 1265 1874 1299 ex

167 1325 517 1384 posterioribus
562 1326 694 1372 recte
742 1324 1118 1372 emendaverim.
1206 1325 1340 1372 hunc
1394 1324 1558 1372 locum
1611 1324 1730 1373 licet
1783 1325 1874 1373 alii

175 1399 323 1446 aliter
363 1398 649 1461 expediant,
689 1398 874 1447 ordinis
922 1400 1160 1447 contrarii
1209 1400 1544 1446 testimonium
1586 1414 1688 1447 esse
1728 1415 1871 1448 nemo

174 1472 428 1521 contendit
468 1475 556 1521 aut
594 1473 870 1522 contendet.
926 1489 1043 1521 nam
1082 1473 1208 1521 libro
1233 1473 1312 1520 ΠΙ
1341 1473 1497 1521 totius
1538 1475 1699 1535 operis
1732 1489 1871 1535 prae-

173 1547 415 1594 fationem
453 1548 710 1608 praemitti
756 1550 805 1595 et
844 1547 1027 1595 librum
1054 1547 1165 1595 IVa
1205 1548 1290 1609 qui
1330 1563 1442 1595 eum
1481 1548 1874 1610 subsequebatur

174 1624 292 1670 ante
332 1621 564 1669 sublimia
604 1622 940 1684 conscriptum
981 1637 1082 1670 esse
1123 1625 1311 1670 certum
1351 1624 1438 1669 est.

285 1696 475 1744 Eodem
521 1696 666 1744 modo
714 1697 947 1744 caelestia
995 1689 1118 1762 (VH
1164 1691 1211 1762 Ι)
1259 1695 1551 1744 sublimibus
1597 1699 1872 1745 recentiora

176 1785 279 1819 esse
319 1770 466 1818 facile
505 1770 757 1832 probatur.
835 1786 952 1819 nam
990 1770 1043 1817 II
1070 1774 1124 1831 1,
1151 1771 1182 1817 4
1223 1771 1384 1819 dicam
1423 1772 1549 1830 quod
1586 1773 1743 1830 manis
1781 1773 1869 1819 mi-

173 1860 286 1892 rum
346 1846 609 1892 videbitur:
669 1847 794 1892 irater
848 1845 1071 1892 caelestia
1132 1844 1190 1892 de
1251 1849 1381 1892 terra
1442 1845 1698 1892 dicendum
1761 1848 1874 1893 erit

176 1919 459 1967 adversario
498 1919 614 1967 ficto
647 1918 831 1967 Seneca
870 1919 1043 1967 obicit:
1083 1935 1243 1981 neque
1281 1919 1438 1982 igitur
1476 1918 1535 1966 de
1575 1919 1870 1967 caelestibus

175 1996 361 2056 egerat,
401 2009 511 2041 cum
542 1994 662 2041 haec
693 1993 1026 2055 prospiciebat
1059 1986 1222 2060 (Stud.
1247 1993 1273 2040 I
1302 1988 1446 2058 119).
1501 1993 1705 2057 accedit,
1739 1993 1871 2056 quod

177 2067 515 2116 definitionem
543 2067 678 2116 Iovis
709 2069 812 2127 ipse
838 2069 963 2115 euim
995 2072 1064 2115 est
1091 2069 1190 2122 hoe,
1223 2068 1350 2127 quod
1379 2067 1527 2123 videS,
1562 2071 1723 2128 totum,
1747 2084 1868 2128 par-

173 2143 303 2191 tibus
341 2145 445 2190 suis
483 2143 668 2190 inditus
708 2146 749 2190 et
787 2157 837 2190 se
874 2144 1117 2190 sustineus
1157 2146 1200 2189 et
1228 2157 1323 2190 sua
1360 2142 1413 2189 H
1438 2143 1523 2203 45,
1550 2143 1579 2190 3
1620 2143 1870 2204 prolatam

172 2216 247 2264 sic
277 2219 454 2278 postea
487 2217 748 2278 ampliavit
781 2220 831 2264 et
862 2219 1097 2263 correxit:
1128 2216 1154 2263 I
1185 2217 1339 2278 praef.
1370 2217 1434 2264 13
1470 2217 1588 2276 quid
1621 2220 1689 2265 est
1718 2217 1870 2264 deus?

175 2291 303 2350 quod
341 2292 474 2339 vides
513 2294 662 2338 totum
710 2294 753 2339 et
797 2291 924 2351 quod
960 2305 1060 2338 reon
1097 2292 1231 2338 vides
1271 2294 1419 2338 toturn
1448 2317 1511 2324 —
1538 2293 1609 2339 sic
1648 2292 1869 2338 demum

174 2367 459 2425 mayuitudo
497 2366 572 2413 illi
610 2380 704 2413 sua
743 2366 964 2413 redditur
995 2380 1086 2425 eqs.
1122 2359 1337 2430 (stud.1
1365 2357 1508 2430 120).
1565 2365 1703 2423 adde,
1736 2365 1868 2426 quod

174 2439 228 2486 H
253 2440 338 2499 26,
366 2441 395 2487 9
438 2442 714 2487 correctum
752 2439 778 2486 I
805 2441 851 2494 2,
878 2440 908 2487 3
929 2454 998 2500 sq.
1038 2440 1264 2486 iteratur.
1327 2440 1498 2501 itaque
1539 2438 1725 2487 Seneca
1756 2439 1867 2486 sub-

175 2514 318 2561 limia
366 2514 549 2561 librum
587 2513 639 2561 II
688 2516 885 2575 praeter
923 2514 1047 2561 alios
1097 2514 1323 2575 amplexa
1363 2516 1477 2561 ante
1515 2528 1593 2561 res
1633 2513 1867 2561 caelestes

176 2587 393 2636 absolvit
440 2581 604 2654 (Stud.
644 2588 669 2635 I
712 2589 816 2635 124
839 2580 982 2654 sqq).
1060 2588 1113 2635 id
1158 2605 1311 2634 unum
1350 2587 1688 2635 Hermannum
1728 2587 1866 2635 Diels

175 2663 354 2710 merito
402 2662 629 2722 offendit,
677 2662 809 2724 quod
854 2662 906 2708 in
953 2661 1080 2710 libro
1126 2662 1153 2709 I
1197 2663 1532 2710 recentissime
1579 2661 1763 2722 scripto
1805 2661 1868 2708 ad

177 2743 296 2783 ae‘ra
356 2737 581 2798 relapsus
643 2735 1018 2798 dispositionem
1080 2736 1358 2798 generalem
1420 2735 1638 2798 neglexit
1702 2729 1866 2800 (Stud.

177 2810 202 2856 Ι
231 2803 374 2876 125).
461 2813 676 2858 ceterum
724 2826 753 2857 a
798 2810 1004 2857 terrenis
1060 2826 1170 2857 eum
1219 2810 1281 2856 ad
1328 2809 1558 2858 sublimia
1607 2811 1755 2870 atque
1804 2809 1866 2855 ad

176 2885 409 2932 caelestia
449 2884 724 2932 ascendisse
762 2899 890 2931 nunc
931 2886 1138 2934 constat.
