1988 3138
455 107 682 153 NATUR..
716 106 969 162 QUAEST.
1001 106 1113 151 LIB.
1145 106 1203 151 V.
1237 106 1431 151 18—VI.
1466 111 1505 152 1.
1729 106 1836 160 193

137 233 358 285 ductum
397 248 621 284 amoeno
663 230 784 282 sinu
824 230 1070 300 cingunt,
1118 229 1421 282 consedisse
1467 233 1637 282 terrae
1685 233 1836 282 motu

135 307 341 359 vexatis
373 322 744 374 quaecumque
782 303 1095 356 adiacebant
1124 303 1452 373 regionibuS,
1490 303 1667 357 Lucili
1697 305 1835 356 viro-

133 400 254 434 rum
309 381 534 450 optime,
589 378 913 446 audivimus,
968 381 1023 430 et
1077 378 1295 446 quidem
1345 377 1584 431 hibernis
1633 378 1835 446 diebus,

135 473 273 524 quos
318 472 506 507 vacare
553 472 585 506 a
637 453 734 505 tali
786 453 1027 522 periculo
1083 453 1311 505 maiores
1365 453 1537 505 nostri
1591 453 1836 507 solebant

87 551 108 584 ⁵
133 530 459 599 promittere.
535 526 710 580 Nonis
756 526 1061 580 Februariis
1108 526 1199 580 hic
1244 527 1349 579 fuit
1395 530 1574 580 motus
1622 526 1832 598 Regulo

131 608 187 657 et
238 602 496 674 Verginio
560 601 893 670 consulibuS,
955 602 1049 670 qui
1104 599 1475 670 Campaniam,
1536 621 1833 671 numquam

130 696 371 731 securam
418 677 579 730 huius
625 677 778 744 mali,
825 676 1130 741 indemnem
1178 679 1358 729 tamen
1404 679 1458 728 et
1503 677 1700 730 totiens
1749 677 1834 730 de-

130 753 371 806 functam
411 756 580 819 metu,
619 770 815 822 magna
854 755 1031 821 strage
1070 751 1322 803 vastavit:
1369 769 1495 803 nam
1539 754 1593 803 et
1631 750 1834 804 Hercu-

129 827 363 880 lanensis
411 826 597 895 oppidi
646 845 769 895 pars
815 826 926 878 ruit
976 825 1242 894 dubieque
1290 829 1434 878 stant
1481 826 1642 878 etiam
1698 844 1833 894 quae

64 923 108 956 ιο
131 902 319 955 relicta
358 904 497 969 sunt,
537 904 592 954 et
628 899 1025 953 Nucerinorum
1066 900 1279 952 colonia
1316 903 1378 952 ut
1418 900 1531 953 sine
1571 900 1720 953 clade
1759 901 1834 953 ita

131 994 241 1028 non
280 977 395 1029 sine
428 976 645 1044 querela
677 979 780 1045 est3
818 973 1078 1044 Neapolis
1113 992 1330 1043 quoque
1360 975 1613 1043 privatim
1647 976 1833 1043 multa,

129 1051 345 1119 publice
398 1050 538 1102 nihil
592 1050 773 1102 amisit
824 1051 1018 1103 leniter
1070 1050 1277 1120 ingenti
1338 1050 1480 1101 malo
1535 1050 1833 1118 perstricta,

129 1125 289 1178 villae
350 1143 476 1178 vero
537 1127 812 1194 prorutae,
873 1124 1074 1194 passim
1129 1125 1243 1177 sine
1305 1124 1501 1176 iniuria
1554 1127 1831 1177 tremuere.

129 1199 434 1252 adiciuntur
471 1199 556 1251 his
596 1200 709 1251 illa:
758 1203 1127 1252 sexcentarum
1168 1199 1349 1251 ovium
1390 1216 1608 1268 gregem
1656 1199 1832 1252 exani-

0 1301 2 1348 ]
63 1295 105 1328 ιε
129 1277 332 1327 matum
373 1278 428 1326 et
459 1274 655 1326 divisas
697 1277 914 1341 statuae,
954 1277 1131 1326 motae
1169 1276 1296 1342 post
1332 1272 1466 1326 haec
1504 1274 1698 1326 mentis
1739 1274 1832 1326 ali-

0 1365 1 1371 *
130 1367 264 1417 quos
304 1352 468 1417 atque
507 1349 829 1417 impotentes
870 1349 953 1400 sui
993 1366 1206 1401 errasse.
1278 1366 1506 1416 quorum
1546 1351 1608 1400 ut
1646 1365 1831 1401 causas

129 1424 477 1490 excutiamus,
516 1427 571 1476 et
607 1423 875 1492 propositi
908 1423 1083 1492 operis
1118 1426 1400 1475 contextus
1434 1423 1602 1493 exigit
1632 1425 1686 1475 et
1716 1423 1832 1491 ipse

131 1498 186 1550 in
223 1497 330 1550 hoc
375 1501 587 1566 tempus
627 1515 927 1567 congruens
968 1515 1134 1550 casus.
1216 1496 1518 1565 quaerenda
1558 1500 1683 1549 sunt
1729 1501 1831 1550 tre-

132 1571 274 1641 pidis
322 1572 518 1624 solacia
568 1575 622 1625 et
668 1571 958 1626 demendus
1013 1572 1200 1642 ingens
1247 1572 1423 1624 timor.
1503 1571 1635 1639 quid
1687 1572 1830 1624 enim

61 1668 107 1701 20
130 1647 383 1715 cuiquam
438 1646 567 1699 satis
621 1649 797 1699 tutum
853 1646 1021 1699 videri
1075 1649 1276 1715 potest,
1331 1647 1375 1698 si
1430 1646 1660 1699 mundus
1716 1647 1830 1715 ipse

130 1722 436 1775 concutitur
474 1725 527 1774 et
564 1724 743 1790 partes
784 1721 896 1774 eius
937 1721 1291 1774 solidissimae
1329 1720 1551 1773 labant?
1597 1721 1643 1774 si
1684 1720 1831 1789 quod

131 1813 294 1848 unum
336 1796 612 1848 immobile
653 1799 734 1849 est
773 1796 830 1847 in
868 1796 962 1848 ino
1002 1796 1302 1863 fixumque,
1349 1798 1410 1847 ut
1449 1799 1641 1848 cuncta
1679 1796 1736 1847 in
1775 1814 1830 1849 se

133 1870 336 1923 intenta
382 1871 666 1937 sustineat,
712 1869 1018 1938 fluctuatur,
1065 1870 1110 1922 si
1152 1870 1298 1938 quod
1342 1870 1622 1939 proprium
1668 1869 1831 1923 habet

132 1950 271 1997 terra
300 1944 547 2014 perdidit,
578 1948 740 1998 stare:
780 1945 874 1997 ubi
906 1945 1120 1998 tandem
1146 1943 1381 1998 resident
1412 1947 1585 1997 metus
1617 1945 1828 1997 nostri?

62 2040 107 2074 ιο
133 2018 279 2087 quod
338 2035 563 2089 corpora
615 2020 1012 2088 receptaculum
1069 2019 1363 2087 invenient,
1427 2037 1535 2086 quo
1598 2019 1830 2072 sollicita

131 2093 459 2165 confugient,
499 2094 543 2146 si
584 2094 649 2146 ab
693 2094 800 2147 imo
834 2097 1007 2147 metus
1038 2094 1277 2146 nascitur
1308 2097 1361 2147 et
1391 2093 1633 2146 funditus
1666 2094 1828 2146 trahi-

130 2166 252 2221 tur?
291 2169 649 2222 consternatio
691 2169 930 2221 omnium
973 2172 1067 2237 est,
1107 2168 1199 2221 ubi
1240 2171 1381 2221 tecta
1415 2172 1736 2237 crepuerunt
1776 2172 1828 2222 et

128 2243 284 2295 ruina
315 2243 527 2314 signum
562 2242 721 2296 dedit.
784 2247 913 2295 tunc
952 2261 1205 2312 praeceps
1239 2243 1470 2311 quisque
1503 2260 1557 2295 se
1595 2243 1828 2312 proripit

248 2393 269 2431 1
310 2389 517 2448 consed]
558 2387 796 2434 desedisse
827 2390 866 2434 δ
903 2391 918 2446 ΙΙ
957 2392 984 2432 6
1024 2388 1237 2445 uerginio
1276 2387 1526 2446 BRUTZ]
1566 2387 1760 2446 unginio
1794 2393 1825 2433 0

130 2446 366 2552 ἓήιῇἱὲἶῗ
399 2447 902 2553 ἶέἒῗῗῗεῖεέἶῖἔῗ
918 2449 1015 2564 f?
1032 2451 1058 2552 Η
1077 2454 1102 2491 ⁷
1123 2448 1749 2566 ὶῖἶθῗᾶἒ“ῧ“ὲέ’ἷ”ἷ9ἄῖαἳῖ]’
1752 2449 1826 2551 “511¹

129 2580 185 2611 eo
217 2568 255 2612 ό
286 2570 302 2625 fl
333 2543 385 2611 10
416 2567 506 2627 ita}
545 2571 704 2612 tamen
737 2569 771 2612 λ
802 2570 818 2625 ΙΙ
847 2572 899 2611 12
932 2522 1427 2626 lenitelipileleuiter
1461 2568 1467 2626 Ι
1502 2568 1688 2627 perstr]
1721 2581 1826 2624 pre-

132 2626 295 2671 stricta
327 2629 366 2672 δ’
398 2630 414 2683 ΙΙ
451 2631 502 2671 18
534 2631 755 2695 prorutae
787 2627 929 2694 ΕΡᾎ]
961 2631 1183 2691 prorupte
1215 2631 1415 2694 Εξῐιβΐ
1446 2629 1667 2685 prerupto
1699 2628 1780 2671 62.
1812 2629 1826 2684 ΙΙ

131 2690 183 2729 14
214 2688 393 2746 0010111]
426 2701 632 2732 omnium
666 2689 699 2731 λ
728 2688 735 2746 Ι
763 2688 1101 2746 exanimatum]
1134 2689 1452 2730 examinatum
1485 2687 1519 2731 λ
1551 2689 1566 2742 ΙΙ
1604 2690 1654 2729 15
1689 2686 1823 2746 haec]

131 2744 220 2790 hoc
246 2747 299 2790 Φ
320 2749 337 2802 fl
357 2751 408 2790 17
442 2747 559 2806 exc.]
584 2745 893 2791 discutiamus
918 2747 956 2791 ό
978 2749 993 2803 ΙΙ
1017 2750 1068 2789 19
1092 2745 1264 2790 solatia
1295 2747 1378 2803 (sic
1407 2760 1579 2802 semper
1598 2746 1722 2805 εον-,Π
1754 2760 1825 2790 10-

132 2804 287 2850 media
310 2806 349 2850 ό
374 2808 383 2862 Ι
409 2806 595 2865 ingens]
635 2820 806 2865 urgens
841 2806 1067 2852 Schultess
1096 2809 1111 2861 ΙΙ
1141 2810 1200 2849 20
1241 2805 1416 2864 tutum]
1453 2810 1557 2863 post
1600 2808 1756 2862 potest
1786 2807 1824 2850 δ

128 2870 231 2920 post
261 2864 412 2910 uideri
444 2869 489 2909 Ι
520 2869 535 2923 fl
565 2870 623 2910 2³
663 2865 935 2925 fluctuatur]
977 2865 1174 2909 fluctuat
1205 2867 1407 2922 δηΕΒΤ
1453 2857 1719 2908 fmctuatur
1749 2869 1778 2908 z
1809 2867 1823 2922 ss

131 2927 190 2967 24
213 2927 246 2968 t.
266 2927 390 2970 stare
413 2926 657 2983 110111.οοῖὶ.
676 2941 709 2985 ρ
734 2929 859 2970 stare
883 2928 1009 2970 terra
1032 2940 1075 2982 p.
1094 2925 1193 2970 coll.
1210 2928 1284 2968 JK
1307 2926 1323 2981 ΙΙ
1347 2928 1405 2968 26
1422 2923 1563 2982 confi}
1588 2924 1823 2981 fugient).

221 3005 404 3041 Snncn
427 3016 629 3041 nunnus.
655 3017 820 3046 quan-r.
846 3008 903 3041 ed.
929 3008 959 3041 G
970 3019 989 3041 ο
1000 3017 1018 3041 1
1027 3017 1047 3041 e
1056 3007 1082 3040 k
1091 3016 1123 3040 8.
1501 3003 1553 3041 13

1866 542 1893 580 2
