1988 3138
711 121 1055 166 PRAEFATIO
1599 141 1602 145 ·
1612 114 1791 166 XXXV

14 219 56 302 ό
191 250 446 299 Leidensis
492 250 580 297 lat.
622 252 716 298 oct.
761 250 864 296 199
915 263 1040 296 saec.
1080 247 1199 295 XIV
1237 249 1305 296 in.
1345 247 1668 312 neglegenter
1706 264 1788 296 ex-

77 330 265 386 aratuS,
301 324 477 388 magis'
502 318 567 372 L¹
607 339 757 386 quam
789 316 822 369 J
827 317 899 371 ¹K
940 322 1118 370 affinis
1177 324 1341 371 totum
1381 321 1585 371 contuli.
1645 322 1783 371 Stud.

75 401 101 449 I
127 399 548 536 37I3113e313corum
612 472 954 521 collectionem
1010 486 1133 519 saec.
1189 471 1291 519 fere
1345 470 1445 518 XII
1508 471 1786 520 confectam

78 551 297 612 quinque
337 547 529 597 codices
561 546 814 608 praebent,
853 546 906 593 in
938 548 1178 608 quattuor
1209 548 1443 607 excerpta
1474 545 1591 593 Nat.
1625 545 1784 602 Quae-

0 620 53 676 Ι
76 625 295 673 stionum
342 639 368 670 e
406 621 440 670 λ
486 624 686 684 sumpta
733 622 945 669 exstant.
1026 620 1205 668 horum
1252 619 1537 668 Parisinum
1589 621 1655 668 17
1678 621 1781 669 903

75 697 278 747 membr.
305 711 428 745 saec.
461 695 586 744 XIII
624 711 716 760 ego
750 698 800 744 et
831 693 1084 744 Rossbach
1117 694 1432 743 contulimus.
1475 693 1617 742 Stud.
1643 693 1694 741 11
1715 695 1783 741 14

55 767 126 822 'et
165 788 315 835 supra
354 788 400 833 p.
440 770 576 818 XXX
595 786 666 832 sq.

791 949 971 1011 Stirpis
1005 962 1063 1015 9:

13 1065 56 1121 P
190 1070 448 1118 Parisinus
487 1070 574 1117 lat.
603 1069 747 1117 6628
788 1067 992 1115 membr.
1033 1083 1158 1130 saec.
1191 1066 1317 1115 XIII
1351 1060 1488 1133 (fort.
1522 1059 1784 1132 exeuntis).

77 1148 242 1195 totum
265 1144 479 1194 contulit
502 1143 775 1204 Rossbach,
799 1143 1083 1204 iterumque
1108 1157 1199 1207 ego
1233 1135 1344 1208 (sed
1367 1141 1442 1188 IV
1471 1142 1612 1190 1—2
1639 1156 1780 1204 prae-

75 1213 307 1286 termisi).
387 1217 527 1268 Stud.
552 1219 576 1266 I
604 1219 691 1277 37,
729 1217 781 1265 II
807 1219 891 1266 20.

190 1293 551 1343 Escurialensis
592 1286 631 1341 Ο
662 1292 741 1340 ΠΙ
768 1294 798 1341 2
839 1291 1042 1340 membr.
1085 1307 1210 1340 saec.
1243 1284 1532 1356 XIIIJXIV‚
1572 1291 1783 1338 fortasse

77 1370 197 1418 item
231 1371 383 1432 atque
406 1362 447 1416 P
480 1384 506 1416 e
539 1367 706 1416 codice
730 1367 969 1415 Beccensi
1000 1366 1276 1428 descriptus
1309 1367 1429 1413 erat.
1481 1364 1621 1413 stud.
1647 1365 1673 1412 Ι
1699 1366 1782 1413 37.

191 1443 355 1492 Codex
392 1442 723 1491 Memmianus
765 1439 1028 1504 Opsopoei,
1068 1442 1156 1503 qui
1194 1440 1368 1503 periit,
1408 1439 1630 1488 eiusdem
1670 1440 1781 1488 stir-

75 1521 152 1582 pis
192 1518 302 1567 fuit.
381 1516 521 1566 Stud.
546 1516 572 1564 Ι
597 1518 684 1577 40,
722 1516 774 1564 Π
801 1517 884 1564 26.

6 1586 50 1641 U
186 1591 496 1641 Monacensis
540 1595 604 1639 11
626 1592 733 1640 049
777 1606 902 1638 saec.
927 1590 1046 1637 XIV
1080 1589 1193 1638 vilis
1225 1590 1315 1650 est,
1352 1603 1538 1652 paucas
1570 1588 1782 1652 paginas

75 1667 279 1717 excussi.
359 1666 498 1716 Stud.
523 1666 547 1714 I
575 1668 660 1726 38,
699 1665 751 1713 II
779 1667 861 1713 27.
1813 1654 1819 1658 ⁸

16 1737 51 1791 8
186 1741 488 1804 Interpolati
527 1742 647 1789 sunt
694 1739 792 1789 duo
834 1739 1050 1788 codices:
1089 1738 1559 1801 Montepessulanus
1599 1737 1648 1785 Η
1673 1738 1780 1785 445

73 1815 263 1865 membr
301 1831 426 1865 saec.
467 1814 590 1863 XIII
637 1816 840 1864 ineunize
887 1814 1216 1876 perscriptus,
1255 1814 1309 1861 in
1355 1829 1453 1875 quo
1494 1827 1626 1861 nunc
1663 1812 1781 1860 Nat.

11 1885 52 1940 'l'
77 1890 276 1948 Quaest.
315 1889 578 1938 IVb—VI
617 1891 646 1938 9
689 1892 888 1937 tantum
929 1891 1204 1950 servantur,
1245 1890 1295 1936 et
1333 1887 1595 1936 Parisinus
1638 1887 1779 1935 6386

74 1965 277 2015 membr.
317 1980 442 2014 saec.
467 1963 590 2012 XIII
629 1967 689 2012 ut
719 1964 920 2013 videtur
956 1963 1189 2011 ineuntis.
1253 1965 1522 2024 utrumque
1562 1960 1781 2010 codicem

78 2046 128 2090 et
167 2056 259 2105 ego
298 2043 349 2088 et
385 2038 639 2089 Rossbach
679 2038 997 2088 contulimus.
1070 2037 1288 2086 Stud.11
1317 2038 1381 2084 21
1405 2051 1510 2099 sqq.

187 2114 422 2163 Eiusdem
460 2113 631 2176 stirpis
679 2115 843 2162 nescio
884 2128 948 2161 an
987 2112 1184 2161 Alberti
1222 2111 1396 2175 Magni
1436 2110 1590 2159 codex
1627 2111 1783 2158 fuerit

75 2204 194 2239 sane
232 2189 579 2252 interpolatus.
660 2186 799 2236 Stud.
827 2187 850 2235 I
877 2189 961 2236 39.
989 2189 1083 2249 493
1122 2186 1171 2234 II
1200 2188 1283 2235 29.
1312 2187 1396 2234 31.
1806 2200 1808 2203 ·

704 2365 887 2430 Stirpis
927 2368 1151 2430 ignotae:

0 2480 45 2538 ’Ζ
189 2486 488 2536 Genevensis
513 2487 599 2535 lat.
629 2488 695 2534 77
730 2485 932 2535 membr.
960 2500 1084 2534 saec.
1110 2484 1208 2532 XII
1225 2500 1313 2546 ex„
1345 2484 1484 2533 cuius
1519 2483 1694 2531 folium
1722 2483 1780 2531 8v

78 2559 340 2612 Chatelain
379 2562 431 2609 in
473 2560 647 2610 tabula
690 2562 796 2610 170
837 2559 1119 2609 delineavit.
1196 2558 1328 2607 hunc
1368 2558 1484 2606 olim
1525 2557 1572 2606 R
1611 2557 1779 2620 appel-

74 2636 232 2687 latum
286 2651 442 2701 paene
496 2639 661 2685 totum
714 2650 756 2684 a.
801 2635 942 2683 1902
992 2633 1183 2683 contuli
1233 2626 1342 2700 (sed
1394 2632 1541 2681 omisi
1580 2632 1651 2679 VI
1696 2633 1778 2692 17,

78 2712 291 2772 3-32,
331 2705 438 2777 12).
516 2708 657 2758 Stud.
696 2709 744 2757 11
785 2711 871 2770 22,
925 2710 985 2758 cf.
1034 2723 1185 2771 supra
1224 2724 1271 2771 p.
1311 2706 1502 2756 XXVII
1549 2709 1600 2755 et
1646 2707 1818 2754 infra.¹

76 2802 123 2849 μ
164 2784 498 2908 Xifflseensis
538 2874 611 2921 ep.
643 2859 745 2907 175
781 2858 866 2906 lat.
905 2857 1107 2906 membr.
1141 2871 1265 2906 saec.
1291 2855 1397 2903 xv,
1477 2853 1618 2903 stud.
1643 2854 1667 2902 1
1694 2855 1819 2903 39..-

189 2933 447 2983 Parisinus
486 2933 652 2998 regius
694 2933 837 2981 6395
879 2931 1080 2981 membr.
1116 2946 1239 2980 saec.
1265 2930 1396 2979 XIV.
1476 2928 1616 2978 Stud.
1642 2929 1665 2976 I
1694 2930 1777 2977 39.

1488 3010 1510 3034 ο

1455 3025 1478 3054 C
