1988 3138
502 113 728 159 NATUR.
761 111 1011 167 QUAEST.
1043 111 1154 156 LIB.
1185 111 1220 155 Ι.
1255 115 1323 156 16.
1359 114 1428 156 17.
1736 109 1806 162 39

116 257 293 292 rerum
344 241 546 290 natura·
582 235 834 302 voluerit,
885 233 1050 303 quod,
1102 251 1223 286 cum
1263 251 1388 285 vera
1435 250 1659 301 corpora
1704 232 1810 284 edi-

120 313 304 378 disset,
354 312 515 365 etiam
565 310 849 362 simulacra
899 325 1083 360 eorum
1130 307 1298 375 aspici
1337 307 1531 374 voluit,
1583 324 1809 375 quorsus
1842 319 1867 357 2

117 386 434 456 pertinuerit
485 383 624 437 hanc
678 401 985 452 comparare
1047 381 1323 434 materiam
1378 380 1810 450 excipiendarum

118 461 410 532 imaginum
445 461 719 528 potentem
751 488 824 494 —
855 475 963 509 non
1003 457 1059 508 in
1097 454 1202 508 hoc
1241 456 1459 523 scilicet,
1498 458 1559 508 ut
1598 454 1664 507 ad
1696 473 1811 524 spe-

71 556 93 588 5
118 536 297 589 culum
346 533 566 586 barbam
615 532 932 585 velleremus
983 534 1075 583 aut
1125 533 1186 582 ut
1234 530 1427 582 faciem
1465 530 1567 581 viri
1618 529 1811 598 polire-

116 627 256 662 mus:
316 609 371 660 in
421 608 570 659 nulla
618 625 675 659 re
726 606 819 658 illa
868 605 1109 658 luxuriae
1159 604 1436 674 negotium
1483 604 1669 671 yessit,
1720 603 1813 656 sed

115 684 349 752 primum
389 682 651 747 omnium,
691 680 818 748 quia
856 679 1112 732 imbecilli
1153 678 1295 731 oculi
1335 677 1403 730 ad
1441 677 1811 731 sustinendum

116 758 357 811 cominus
398 757 565 809 solem
604 755 901 826 ignoraturi
940 756 1105 820 erant,
1143 753 1372 805 formam
1408 753 1521 804 eius
1560 752 1811 805 hebetato

114 832 316 884 lumine
363 829 607 884 ostendit
687 829 932 897 quamvis
978 829 1120 881 0111111
1161 827 1419 880 orientem
1461 826 1812 879 occidentem-

49 927 93 960 ιο
116 925 219 975 (1110
250 924 372 958 011111
398 904 750 972 contemplari
779 904 953 970 liceat,
985 906 1166 955 tamen
1195 900 1440 953 habitum
1473 901 1586 954 eius
1619 901 1813 970 ipsum,

116 981 209 1049 qui
247 998 402 1033 verus
442 983 537 1046 est,
577 996 687 1031 non
722 978 962 1030 rubentis
1003 976 1096 1029 sed
1136 975 1359 1029 candida
1396 977 1515 1028 luce
1555 975 1811 1046 fulgentis

115 1054 454 1121 nesciremus,
484 1054 589 1105 nisi
629 1053 683 1104 in
716 1053 895 1120 aliquo
928 1051 1084 1103 nobis
1115 1069 1301 1103 umore
1340 1050 1514 1102 lenior
1552 1053 1606 1102 et
1645 1050 1813 1118 aspici

115 1129 326 1182 facilior
375 1130 687 1181 occurreret.
766 1130 1039 1195 praeterea
1090 1125 1316 1178 duorum
1358 1124 1591 1177 siderum
1632 1142 1813 1177 occur-

116 1222 257 1270 sum,
311 1221 417 1271 quo
473 1202 784 1270 interpolari
836 1200 947 1253 dies
998 1201 1157 1267 solet,
1208 1217 1316 1252 non
1364 1198 1663 1252 videremus
1714 1216 1814 1252 nec

49 1298 92 1332 15
116 1278 250 1331 scire
303 1295 604 1347 possemne,
660 1275 789 1345 quid
843 1278 1003 1342 esset,
1057 1275 1162 1326 nisi
1214 1273 1435 1326 liberius
1483 1272 1637 1326 humi
1685 1273 1812 1326 solis

115 1353 377 1421 lunaeque
429 1352 687 1422 imagines
738 1349 1050 1403 videremus.
1142 1349 1357 1401 inventa
1407 1351 1532 1400 sunt
1582 1349 1813 1416 specula,

116 1430 177 1479 ut
221 1427 384 1479 homo
433 1427 546 1494 ipse
594 1444 648 1478 se
696 1427 899 1490 nosset,
946 1424 1117 1476 multa
1163 1441 1229 1475 ex
1275 1421 1379 1475 hoc
1428 1427 1814 1489 consecutura-3,

116 1501 349 1570 primum
402 1500 485 1552 sui
536 1500 807 1566 notitiam,
858 1498 1046 1551 deinde
1098 1497 1164 1549 ad
1204 1497 1464 1565 quaedam
1505 1497 1814 1550 consilium:

116 1576 383 1628 formosus
423 1579 483 1627 ut
522 1574 713 1626 vitaret
751 1573 1050 1639 infamiam,
1090 1571 1343 1625 deformis
1383 1575 1444 1623 ut
1483 1572 1643 1624 sciret
1679 1570 1814 1623 redi-

46 1671 92 1704 to
117 1648 368 1702 mendum
408 1667 522 1701 esse
563 1647 850 1700 virtutibus
891 1646 1147 1716 quicquid
1199 1646 1413 1714 corpori
1464 1645 1685 1713 deesset,
1738 1646 1815 1698 iu—

117 1724 264 1777 venis
316 1727 376 1775 ut
426 1723 556 1775 flore
607 1723 795 1775 aetatis
847 1721 1222 1774 admoneretur
1272 1720 1407 1773 illud
1446 1723 1658 1789 tempus
1699 1738 1814 1773 esse

117 1797 353 1851 discendi
392 1802 446 1850 et
485 1797 646 1849 fortia
685 1796 928 1863 audendi,
968 1814 1129 1848 senex
1167 1798 1228 1847 ut
1267 1795 1516 1847 indecora
1548 1795 1694 1847 canis
1729 1794 1814 1847 de-

115 1877 351 1942 poneret,
390 1875 450 1925 ut
486 1871 549 1924 de
589 1875 759 1924 morte
799 1870 1002 1939 aliquid
1042 1870 1321 1940 cogitaret:
1362 1869 1429 1921 ad
1467 1868 1599 1922 haec
1636 1887 1813 1921 rerum

116 1951 305 1999 natura
354 1946 663 1999 facultatem
715 1945 869 1998 nobis
922 1944 1067 1997 dedit
1119 1947 1331 1996 nosmet
1386 1944 1531 2012 ipsos
1583 1943 1811 1996 videndi.

47 2041 92 2075 25
115 2022 236 2074 fons
261 2021 453 2090 cuique
485 2019 789 2089 perlucidus
823 2022 914 2072 aut
945 2020 1060 2072 leve
1086 2037 1272 2071 saxum
1306 2018 1593 2089 imaginem
1619 2018 1812 2071 reddit:

234 2155 293 2195 20
324 2152 381 2207 cf,
410 2153 567 2196 Iuven.
591 2150 687 2213 Sat.
721 2154 765 2206 4,
786 2154 818 2195 2
847 2154 1099 2195 monstrum
1129 2150 1263 2194 nulla
1294 2149 1460 2194 virtute
1490 2149 1768 2206 redemptum

234 2274 257 2313 1
279 2269 501 2329 uoluerit]
534 2269 687 2314 uoluit
710 2272 752 2314 Δ
783 2272 793 2326 1
827 2269 921 2328 ed]
954 2268 1162 2314 dedisset
1185 2271 1269 2312 ΔΡ
1299 2270 1314 2325 ΙΙ
1346 2273 1374 2312 2
1397 2268 1562 2312 uoluit.
1596 2268 1811 2326 quorsus]

116 2328 354 2374 uoluisset.
410 2343 631 2387 quorsum
656 2331 695 2374 Δ
727 2331 741 2386 ΙΙ
771 2333 800 2373 4
832 2329 880 2373 in
934 2329 994 2372 ad
1026 2330 1065 2374 δ
1095 2330 1109 2385 ΙΙ
1142 2333 1166 2371 5
1199 2330 1282 2372 aut
1314 2330 1367 2371 ut
1397 2327 1588 2386 faciem]
1620 2327 1812 2371 faciem-

115 2402 207 2447 que
238 2390 277 2434 <5
327 2393 332 2445 l
382 2389 489 2447 viri]
528 2402 585 2433 sc.
620 2387 750 2445 ἡμεῖς
781 2387 825 2433 οἱ
894 2404 996 2439 ντες
1047 2390 1062 2445 ΙΙ
1117 2392 1144 2431 6
1176 2387 1300 2491 maii]
1319 2402 1378 2433 sc.
1412 2392 1584 2432 παίωνα
1615 2401 1766 2431 rerum
1803 2390 1808 2442 1

116 2448 263 2506 gessit
295 2448 511 2507 Madviqj
557 2447 787 2493 concessit
832 2450 846 2505 Ι]
893 2453 921 2491 9
959 2447 1068 2491 111111.
1103 2447 1200 2506 λρ]
1251 2447 1260 2455 “
1302 2461 1380 2490 11111
1420 2446 1530 2490 111111.
1565 2449 1646 2491 ΔΖ
1693 2445 1813 2490 illud

117 2508 227 2552 lum.
262 2509 307 2553 θ·
347 2511 362 2564 ΙΙ
404 2512 456 2552 10
488 2508 615 2567 011111]
654 2522 738 2553 om.
764 2509 848 2552 ΔΤ
883 2510 898 2564 ΙΙ
933 2511 984 2551 12
1016 2506 1262 2566 (h)umore]
1296 2507 1353 2562 cf.
1381 2510 1454 2560 12,
1481 2511 1506 2551 1
1539 2507 1553 2563 ΙΙ
1584 2510 1636 2549 14
1667 2507 1813 2550 inter-

118 2567 288 2627 polari]
335 2566 625 2625 interpellari
676 2566 871 2612 Gronov.
927 2569 941 2623 ΙΙ
994 2571 1045 2610 15
1085 2566 1298 2625 liberius]
1346 2568 1452 2622 fort.
1501 2564 1639 2609 liberi
1680 2566 1757 2610 Ge.
1798 2567 1812 2621 ΙΙ

117 2631 167 2671 17
207 2630 537 2672 consecuturus
587 2626 743 2693 Gertz]
790 2628 1099 2671 consecuntur
1136 2627 1418 2683 (QYIOTZ
1466 2628 1814 2681 consequuntur

117 2690 454 2741 Aguntur
507 2689 521 2741 ΙΙ
575 2690 625 2729 18
659 2687 880 2745 primum]
919 2685 1071 2743 primo
1104 2687 1143 2729 Δ
1194 2687 1200 2741 1
1252 2684 1344 2744 sui]
1383 2685 1489 2739 fort.
1524 2684 1697 2741 speciei
1733 2684 1810 2728 Ge.

117 2746 231 2789 conl.
250 2760 298 2803 p.
324 2750 399 2801 40,
420 2750 474 2791 13
508 2750 515 2802 Ι
552 2744 790 2804 notitiam]
822 2745 1103 2790 munditiam
1126 2745 1228 2790 Joh.
1249 2744 1424 2789 Mallem·
1446 2746 1559 2789 conl.
1580 2759 1627 2800 p.
1655 2747 1730 2797 37,
1747 2747 1775 2786 3
1802 2745 1808 2799 Ι

118 2803 202 2863 ad]
240 2808 288 2850 et
319 2808 359 2850 Δ
413 2810 427 2862 ss
482 2809 539 2849 2³
581 2804 717 2863 haec]
757 2803 844 2849 hoc
877 2807 958 2849 ΔΤ
1012 2807 1026 2861 ΙΙ
1080 2809 1137 2848 25
1171 2804 1273 2848 leue
1307 2804 1487 2861 saxum]
1531 2803 1557 2846 l.
1594 2804 1745 2846 satum
1778 2803 1811 2845 λ

120 2862 235 2907 levis
266 2864 394 2908 lacus
428 2865 672 2918 Schultess,
701 2866 806 2920 sort.
841 2878 919 2908 aes
952 2862 1156 2908 levatum
1192 2863 1270 2908 Ge.
1304 2862 1502 2920 lapidem
1534 2863 1648 2907 conl.
1686 2861 1809 2905 Plin.

119 2926 196 2977 36,
224 2927 463 2968 160—163
495 2924 634 2968 intell.
663 2923 890 2969 Rossbach
