1988 3138
109 1808 133 1846 Ν.)

171 111 278 164 166
410 155 433 160 -,
537 140 539 143 -
709 111 758 154 L.
792 109 1030 155 ANNAEI
1061 110 1335 156 SENECAE

168 233 518 302 ‘corporibus,
560 251 695 300 quae
730 233 943 284 duriora
982 236 1045 285 et'
1074 235 1338 302 pressiora
1370 237 1508 301 sunt,
1547 252 1758 287 necesse
1791 238 1872 286 est

166 308 375 360 minora
405 308 670 359 foramina
701 325 814 359 esse
847 310 899 359 et
930 308 1228 360 tenuiorem
1261 308 1318 359 in
1349 309 1573 377 singulis
1600 309 1871 376 spiritum:

167 383 425 449 sequitur,
457 385 531 449 ut,
558 381 1008 450 quemadmodum
1041 382 1249 434 minora
1280 382 1549 434 balnearia
1581 386 1634 435 et
1664 383 1872 435 minora

165 457 397 508 miliaria
437 456 593 508 citius
635 456 908 523 calefiunt,
960 456 1037 508 sic
1086 455 1218 508 haec
1267 456 1530 508 foramina
1571 458 1780 509 occulta
1819 460 1871 509 et

167 532 351 583 oculos
386 530 696 600 effugientia
727 533 780 582 et
813 531 1034 582 celerius
1067 530 1332 583 fervorem
1366 532 1597 582 sentiant
1629 534 1682 584 et
1711 549 1870 600 prop·
1917 553 1938 584 5

166 608 247 657 ter
286 605 497 657 easdem
537 604 824 674 angustias,
859 604 1120 672 quicquid
1157 608 1485 673 receperunt,
1525 605 1726 657 tardius
1757 605 1872 658 red-

168 678 329 731 dant.’
391 679 522 731 haec
560 680 721 748 longe
758 682 1073 747 praeparata
1113 679 1178 731 ad
1218 679 1272 730 id
1310 679 1624 747 perducunt,
1665 679 1728 732 de
1763 697 1870 747 quo

167 771 310 805 nunc
353 754 640 820 quaeritur.

281 827 362 880 10.
405 825 591 879 Omnis
632 831 720 879 aer
759 845 864 895 quo
905 828 1126 896 propior
1158 831 1237 880 est
1276 829 1446 895 terriS,
1486 829 1590 881 hoc
1630 829 1866 880 crassior.

166 902 614 970 quemadmodum
665 902 721 953 in
768 920 908 970 aqua
955 905 1007 954 et
1053 903 1111 953 in
1157 903 1304 954 omni
1353 921 1538 955 umore
1590 903 1710 954 faex
1762 903 1867 954 ima
1898 923 1939 954 ιο

165 979 269 1044 est,
323 977 398 1028 ita
451 977 508 1028 in
561 980 678 1028 aere
734 977 1057 1044 spississima
1113 994 1358 1044 quaeque
1415 977 1672 1029 desidunt.
1762 977 1866 1028 iam

166 1053 343 1103 autem
374 1051 661 1119 probatum
694 1053 775 1102 est
807 1051 999 1118 omnia,
1034 1069 1141 1118 quo
1177 1052 1447 1103 crassioris
1489 1051 1867 1119 solidiorisque

163 1126 415 1178 materiae
457 1128 594 1192 sunt,
634 1124 738 1177 hoc
769 1124 979 1177 fidelius
1014 1125 1279 1178 custodire
1313 1126 1543 1178 calorem
1575 1128 1864 1194 receptum.

166 1199 359 1253 editior
409 1203 511 1266 aer,
563 1218 668 1268 quo
719 1200 934 1269 longius
976 1219 1005 1251 a
1044 1203 1304 1252 terrarum
1357 1200 1584 1252 colluvie
1635 1201 1868 1266 recessit,

165 1273 270 1327 hoc
317 1275 572 1326 sincerior
617 1274 910 1342 puriorque
951 1277 1052 1343 est3
1101 1275 1281 1342 itaque
1321 1276 1489 1326 solem
1529 1293 1637 1326 non
1676 1275 1938 1327 retinetis

168 1349 259 1400 sed
297 1350 445 1401 velut
483 1367 580 1417 per
618 1349 773 1400 inane
813 1349 1150 1401 transmittit:
1192 1349 1310 1401 ideo
1350 1349 1527 1401 minus
1570 1348 1757 1401 calefit.

282 1423 364 1475 11.
423 1421 620 1475 Contra
673 1422 890 1490 quidam
942 1423 1092 1475 aiunt
1143 1423 1419 1476 cacumina
1466 1423 1730 1475 montium
1769 1422 1872 1475 hoc

169 1498 422 1550 calidiora
462 1515 574 1550 esse
609 1497 814 1564 debere,
848 1515 955 1564 quo
995 1498 1250 1566 propiora
1281 1498 1382 1550 soli
1416 1500 1561 1549 sunt:
1605 1498 1698 1565 qui
1739 1497 1870 1549 mihi

166 1572 415 1625 videntur
468 1591 656 1639 errare,
713 1571 859 1639 quod
904 1570 1249 1640 Apenninum
1305 1575 1357 1624 et
1410 1570 1576 1640 Alpes
1632 1575 1684 1624 et
1739 1573 1870 1624 alios

166 1650 323 1699 notos
344 1648 424 1699 -ob
460 1647 708 1699 eximiam
743 1646 1080 1699 altitudinem
1114 1649 1323 1698 montes
1356 1647 1412 1698 in
1443 1650 1652 1698 tantum
1677 1649 1869 1715 putant
1894 1667 1937 1698 20

170 1739 418 1789 crescere,
468 1725 530 1773 ut
579 1722 796 1773 illorum
846 1721 1159 1791 magnitudo
1212 1720 1408 1773 sentire
1450 1721 1576 1773 solis
1617 1721 1865 1773 viciniam

167 1797 361 1864 possit:
402 1797 611 1848 excelsa
651 1798 776 1847 sunt
822 1796 938 1862 ista,
981 1795 1236 1863 quamdiu
1276 1796 1431 1847 nobis
1473 1798 1869 1863 comparantur3

169 1874 223 1922 at
270 1869 395 1922 vero
450 1870 543 1922 ubi
599 1869 665 1922 ad
717 1870 1026 1922 universum
1080 1870 1398 1939 respexeris,
1453 1870 1735 1922 manifesta
1790 1873 1869 1922 est

169 1945 409 1997 omnium
448 1944 737 1996 humilitas.
802 1945 941 1996 inter
979 1962 1034 1997 se
1058 1944 1346 1996 vincuntur
1384 1947 1437 1996 et
1460 1945 1696 2010 vincunt,
1736 1947 1869 1996 cete-

166 2038 287 2071 rum
327 2019 382 2071 in
422 2022 631 2071 tantum
671 2018 809 2071 nihil
859 2019 1137 2087 attollitur,
1184 2022 1244 2070 ut
1283 2019 1340 2070 in
1380 2019 1664 2070 collatione
1704 2018 1868 2070 totius
1895 2039 1937 2070 25

167 2095 280 2146 ulla
320 2095 390 2146 sit
418 2095 505 2146 vel
543 2093 790 2145 maximis
830 2093 1030 2161 portio:
1073 2093 1218 2161 quod
1257 2093 1362 2144 nisi
1402 2096 1553 2159 esset,
1592 2111 1701 2145 non
1734 2092 1869 2145 dice-

287 2276 407 2334 12s13
440 2278 496 2332 cf.
525 2278 700 2321 Aetnae
731 2291 797 2320 vv.
831 2279 1084 2321 413—415.

288 2451 311 2489 1
340 2447 592 2506 pressiora]
627 2447 843 2491 densiora
875 2463 912 2492 v
948 2449 974 2492 l.
1009 2449 1047 2492 δ
1084 2450 1098 2505 Η
1133 2452 1161 2490 4
1192 2446 1416 2505 miliaria]
1449 2445 1676 2489 militaria
1708 2447 1823 2489 dsr
1856 2448 1869 2500 Ι]

171 2511 196 2549 5
230 2506 325 2564 eff]
357 2506 591 2563 fugientia
624 2509 662 2551 δ
670 2513 705 2550 Ε
741 2509 755 2563 Η
793 2513 817 2550 7
851 2507 987 2565 haec]
1028 2507 1117 2551 hoc
1149 2509 1183 2550 λ
1222 2510 1236 2563 11
1274 2512 1302 2549 9
1332 2506 1541 2563 propior]
1589 2505 1803 2561 proprior
1834 2507 1868 2548 λ

168 2566 476 2623 propinquior
507 2570 580 2609 Bc
612 2568 624 2623 ΙΙ
656 2571 707 2609 12
740 2567 998 2625 crassioris]
1048 2566 1339 2610 crassidioris
1372 2567 1406 2609 λ
1437 2567 1451 2622 Η
1483 2570 1534 2607 14
1567 2565 1737 2608 editior
1770 2565 1867 2622 aer]

170 2640 263 2682 quo
305 2625 375 2669 ed.
410 2628 482 2669 est
521 2639 600 2669 aer
631 2628 679 2670 et
710 2628 748 2671 δ
786 2628 800 2683 ΙΙ
839 2630 889 2669 15
921 2627 1030 2684 1100]
1076 2640 1158 2670 om.
1192 2640 1224 2685 ρ
1267 2628 1272 2681 Ι
1314 2625 1504 2683 retinet]
1548 2623 1719 2680 recipit
1751 2626 1822 2677 ‹51›
1855 2626 1868 2679 ΙΙ

170 2690 222 2728 16
255 2684 429 2743 calefit]
475 2685 667 2729 calescit
698 2688 732 2729 λ
764 2688 778 2742 Η
809 2691 858 2729 17
891 2686 1104 2744 quidam]
1145 2685 1337 2741 quidem
1367 2686 1448 2728 Δλ
1492 2683 1618 2739 quod
1650 2685 1721 2726 est
1751 2687 1823 2726 Bc
1856 2686 1868 2738 Η

170 2749 221 2786 18
248 2744 335 2788 soli
358 2759 490 2801 prop.
516 2746 613 2789 coll.
636 2747 717 2789 δ’),
741 2748 755 2802 Η
779 2751 830 2788 19
854 2746 1021 2803 Apen]
1049 2744 1335 2802 appeninum
1359 2745 1567 2787 Musa·
1591 2746 1605 2799 Η
1631 2747 1688 2786 20
1713 2744 1866 2801 notos]

170 2806 352 2847 montes
385 2805 423 2848 δ
451 2805 456 2860 Ι
491 2805 693 2872 montes]
734 2806 869 2848 notos
903 2807 940 2849 δ
970 2806 983 2862 l!
1016 2810 1067 2848 21
1098 2804 1411 2872 magnitudo
1442 2803 1643 2860 .possit]
1685 2802 1867 2859 magni-

170 2864 360 2907 tudines
395 2863 657 2931 ..possint
689 2866 727 2908 <5
761 2867 766 2921 Ι
800 2864 1046 2922 uiciniam]
1093 2864 1300 2907 uicinam
1332 2865 1383 2919 (λ
1409 2866 1446 2919 ‘?)
1486 2864 1499 2918 Η
1539 2866 1596 2904 24
1640 2862 1866 2920 omnium]

171 2922 390 2967 omnibus
423 2924 461 2967 d
507 2923 556 2966 in
590 2924 804 2967 omnibus
837 2925 872 2968 λ
907 2926 921 2980 ΙΙ
958 2929 1015 2967 26
1046 2923 1164 2981 ulla]
1198 2922 1330 2966 nulla
1362 2924 1439 2979 δη
