1988 3138
793 100 1138 146 PRAEFATIO
1692 99 1818 145 XLV

224 229 351 278 Prae
374 230 549 278 ceteris
574 228 634 276 de
656 227 1047 290 interpretandis
1072 226 1455 284 Quaestionibus
1471 227 1638 287 Koler,
1661 226 1816 286 Diels,

115 305 314 353 Johann
347 303 528 351 Mffller
557 304 724 351 meriti
754 304 885 351 sunt.
944 302 1096 350 verba
1128 305 1363 364 corrupta
1395 317 1586 350 summo
1625 300 1818 365 ingenii

118 381 344 428 acumine
368 377 756 426 emendaverunt
777 376 998 441 Madvig,
1023 375 1185 437 Gertz,
1212 376 1479 438 Schultess,
1512 375 1613 437 alii,
1643 391 1815 437 quam-

117 469 270 517 quam
278 467 377 501 non
384 468 499 500 raro
511 452 589 499 his
598 451 752 499 debili
763 451 1088 499 fundamento
1098 452 1200 499 usis
1211 450 1490 499 aedificium
1499 452 1602 498 iam
1615 451 1815 498 corruit.

230 527 338 590 Ego
370 527 697 589 archetypum
730 528 974 588 quantum
1006 540 1202 588 possem
1225 526 1488 574 restituere
1520 541 1686 572 meum
1713 539 1817 572 esse

117 602 238 650 duxi
283 603 334 649 et
379 601 471 648 hac
519 600 579 648 de
626 616 775 649 causa
822 615 991 648 omnes
1031 601 1339 648 coniecturas
1385 599 1528 647 bonis
1568 598 1817 648 codicibus

116 677 293 725 invitis
325 691 355 723 a
393 691 472 723 me
502 678 728 738 receptas
767 675 949 723 litteris
983 674 1198 736 obliquis
1231 675 1310 722 vel
1342 675 1574 722 cancellis
1607 675 1815 738 signavi.

116 752 172 799 in
211 750 355 798 rebus
394 750 792 812 orthographicis
830 748 1055 797 codicum
1101 750 1472 811 scribarumque
1515 749 1669 796 medii
1708 749 1819 796 aevi

117 824 498 874 consuetudines
538 824 679 886 sequi
718 840 817 872 non
856 824 1021 886 potui,
1060 825 1199 872 velut
1237 822 1483 872 Aristona·
1522 838 1669 871 suum
1709 822 1818 871 red-

117 899 227 948 didi
264 914 441 947 nomen
488 901 538 947 et
584 914 614 946 a
654 898 816 947 Leone
863 900 1029 947 iussus
1068 913 1208 946 umor
1247 900 1446 961 scripsi,
1486 914 1582 946 non
1623 899 1818 958 humor,

117 974 324 1023 minima
370 966 537 1039 (velut
581 975 760 1033 inlata,
798 967 964 1039 illata)
1029 989 1183 1036 eaque
1243 973 1298 1020 in
1343 973 1517 1021 iisdem
1568 972 1819 1021 codicibus

117 1064 265 1111 saepe
288 1048 534 1097 rationem
560 1049 807 1112 fugientia
832 1063 892 1095 ne
918 1048 1155 1096 adnotavi
1180 1047 1396 1111 quidem.
1449 1048 1601 1096 verba
1627 1046 1819 1095 Graeca

118 1121 322 1172 Graecis
361 1123 545 1171 litteris
585 1122 786 1170 exhibui
825 1116 910 1188 (cf.
935 1125 1197 1171 ventorum
1228 1123 1430 1170 nomina
1463 1123 1509 1169 'V
1537 1123 1602 1170 16
1631 1124 1681 1170 et
1713 1114 1818 1188 17).

225 1197 390 1245 Verba
437 1197 648 1245 aliorum
695 1201 955 1245 auctorum
1002 1213 1032 1246 a
1086 1197 1272 1246 Seneca
1323 1197 1495 1245 adlata
1542 1213 1600 1245 ex
1648 1212 1819 1245 eorum

118 1272 262 1322 libris
307 1287 553 1334 nusquam
608 1273 708 1320 fere
755 1273 965 1333 correxi,
1013 1273 1134 1335 quia
1187 1273 1294 1334 ipse
1341 1272 1527 1320 Seneca
1574 1287 1744 1320 versus
1794 1287 1821 1319 e

119 1346 361 1395 memoria
400 1348 638 1395 excitasse
678 1346 876 1394 videtur
914 1341 999 1412 (cf.
1042 1346 1182 1396 Stud.
1205 1347 1232 1394 I
1258 1340 1366 1414 92).
1447 1347 1567 1409 quin
1607 1349 1695 1409 est,
1734 1345 1823 1394 ubi

122 1421 310 1470 Seneca
355 1421 611 1469 meliorem
655 1424 848 1469 textum
889 1421 1130 1484 praebeat
1168 1422 1327 1470 veluti
1364 1421 1409 1467 V
1439 1423 1522 1481 16,
1551 1423 1577 1469 1
1621 1423 1822 1469 triones:

119 1495 583 1559 Metamorphoseon
617 1497 750 1543 enim
780 1495 896 1543 libri
927 1496 951 1544 I
986 1497 1054 1544 64
1088 1498 1290 1545 trionem
1319 1496 1520 1557 habent,
1554 1495 1818 1545 Diomedes

122 1586 239 1620 vero
294 1573 473 1619 triones
518 1570 676 1619 tradit
720 1569 949 1633 idemque
997 1571 1246 1620 Planudes
1292 1572 1431 1635 legit,
1479 1573 1566 1634 qui
1611 1567 1822 1634 ἄρκτους

121 1646 277 1694 vertit
321 1638 407 1711 (H.
441 1645 642 1705 Miiller,
689 1645 749 1693 de
792 1646 908 1693 Met.
951 1643 1121 1694 Ovidii
1167 1646 1270 1694 cod.
1312 1645 1585 1707 Planudeo,
1634 1643 1821 1708 Gryph.

124 1720 267 1769 1906
310 1716 493 1784 p.10)

236 1793 349 1842 Una
386 1810 439 1842 re
477 1796 691 1842 maxime
730 1809 901 1858 angor,
948 1811 1074 1856 quae
1113 1797 1322 1844 certiore
1362 1811 1513 1858 passu
1553 1794 1822 1857 aliquando

120 1868 355 1933 progredi
394 1884 482 1917 nos
522 1868 727 1930 iubebit,
765 1869 1161 1918 observationem
1193 1870 1303 1919 dico
1340 1870 1690 1919 clausularum.
1745 1869 1823 1918 his

123 1946 323 1993 strenue
361 1942 637 1992 observatis
676 1943 960 2008 regulisque
1002 1946 1124 1993 artis
1165 1946 1369 1993 statutis
1407 1945 1568 1994 multa
1609 1944 1823 1992 Skutsch

122 2020 395 2081 temptavit
432 2011 557 2083 (non
593 2034 760 2067 omnes
792 2019 1100 2068 coniecturas
1132 2035 1303 2068 earum
1334 2035 1488 2073 causa
1520 2019 1580 2068 ab
1614 2035 1671 2068 eo
1711 2035 1823 2082 pro-

122 2092 255 2141 latas
308 2087 499 2158 attuli),
553 2109 713 2155 neque
767 2109 883 2142 vero
934 2094 1056 2141 mihi
1111 2109 1311 2156 prorsus
1365 2094 1626 2157 persuasit.
1719 2094 1824 2142 sine

124 2166 275 2215 dubio
317 2166 501 2216 Seneca
540 2167 628 2215 illa
663 2167 876 2217 artificia
915 2183 1012 2217 non
1053 2169 1256 2231 sprevit,
1295 2174 1465 2218 tamen
1511 2171 1642 2218 ratio
1681 2168 1823 2216 fines·

124 2256 220 2304 que
266 2241 638 2291 consuetudinis
675 2242 976 2292 Annaeanae
1024 2243 1188 2292 adhuc
1235 2244 1442 2293 obscura
1489 2246 1626 2306 sunt3
1666 2259 1825 2306 neque

122 2317 283 2380 igitur
327 2318 380 2364 in
426 2319 566 2365 textu
613 2332 742 2365 nunc
788 2319 1003 2380 primum
1050 2335 1075 2365 e
1115 2318 1367 2367 codicibus
1411 2318 1599 2367 edendo
1638 2318 1826 2366 rationi

124 2390 254 2439 forte
287 2391 506 2453 optimae
546 2390 631 2440 sed
671 2391 832 2440 adhuc
870 2393 1089 2441 incertae
1128 2395 1185 2440 ut
1223 2393 1512 2441 inservirem
1554 2393 1616 2443 ab
1657 2395 1823 2442 animo

123 2465 409 2528 impetravi,
442 2465 539 2515 nisi
571 2466 777 2515 offensio
808 2469 977 2531 gravis
1003 2470 1090 2516 aut
1130 2467 1260 2516 aliae
1294 2483 1475 2517 causae
1508 2467 1823 2517 accedebant.

237 2539 510 2588 Brevitatis
542 2544 592 2588 et
615 2541 987 2604 perspicuitatis
1020 2558 1132 2590 cum
1161 2558 1354 2605 semper
1379 2542 1629 2592 studiosus
1654 2558 1826 2604 essem,

123 2613 329 2663 inutiles
369 2613 679 2679 singulorum
725 2616 948 2664 codicum
995 2617 1303 2680 corruptelas
1343 2633 1404 2666 ne
1444 2618 1827 2667 commemoravi

124 2687 340 2751 quidem,
379 2689 614 2738 molestas
652 2691 820 2752 copias
859 2690 1084 2739 codicum
1123 2691 1406 2756 vulgarium
1445 2706 1483 2757 η
1527 2707 1557 2740 a
1595 2691 1826 2740 Fickerto

124 2766 385 2828 congestas
416 2763 708 2826 plerumque
748 2765 1077 2827 praetermisi,
1114 2765 1272 2829 ipsius
1305 2766 1487 2815 codicis
1519 2760 1561 2814 E
1602 2766 1825 2815 carboni·

125 2835 217 2885 bus
264 2839 382 2887 ante
427 2854 504 2886 me
560 2854 650 2901 pro
698 2855 820 2887 auro
868 2839 1083 2889 venditis
1131 2855 1228 2888 non
1276 2841 1424 2889 aliter
1470 2857 1619 2903 quam
1666 2840 1824 2903 philo-

126 2909 350 2976 logorum
385 2911 532 2961 huius
563 2914 744 2962 aetatis
775 2914 1023 2962 thesauris
1055 2930 1171 2963 usus
1203 2930 1325 2964 sum.
1387 2915 1621 2963 nimirum
1655 2915 1825 2963 eodem
