1988 3138
561 87 787 133 NATUR.
821 87 1072 142 QUAEST.
1103 88 1215 134 LIB.
1247 88 1312 132 V.v
1338 93 1407 134 18.
1736 90 1839 143 191

145 211 388 265 horrebit
426 211 727 264 revocantis
767 210 909 263 diras
947 211 1167 278 tribuni,
1204 227 1316 263 non
1347 214 1691 280 tempestates
1726 213 1843 265 lon-

147 286 354 358 gissimi
392 286 578 354 maris,
614 303 726 338 non
764 286 905 337 circa
941 283 1275 353 Euphratem
1314 304 1577 357 praesaga
1613 287 1843 340 fulmina

146 365 201 414 et
248 361 375 414 deos
419 361 752 414 resistentes:
802 378 899 428 per
944 358 1223 412 hominum
1270 362 1323 412 et
1370 360 1591 414 deorum
1630 362 1736 414 iras
1777 361 1844 414 ad
1923 342 1988 461 ,(Ιῖ

146 454 334 488 aurum
372 436 553 488 ibitur.
631 451 757 504 ergo
803 451 915 486 non
960 435 1228 486 immerito
1270 435 1391 502 quis
1430 434 1626 489 dixerit
1663 455 1842 489 rerum

101 535 122 567 5
144 515 391 563 naturam
439 510 631 561 melius
678 512 917 562 acturam
970 509 1140 561 fuisse
1193 507 1499 578 nobiscum,
1556 511 1601 563 si
1651 514 1842 564 ventos

145 585 273 637 flare
319 583 576 638 vetuisset
621 586 676 635 et
722 582 954 635 inhibito
1003 583 1246 636 discursu
1294 582 1587 636 furentium
1638 586 1694 638 in
1746 603 1844 638 sua
1931 570 1938 601 ’ἦ
1967 558 1977 584 ³

145 677 410 727 quemque
447 661 589 710 terra
628 661 768 710 stare
806 658 1072 710 iussisset:
1113 658 1160 710 si
1197 657 1334 710 nihil
1367 659 1528 727 aliud,
1569 664 1710 713 certe
1743 678 1840 713 suo

145 734 371 802 quisque
410 735 621 785 tantum
661 751 723 786 ac
762 749 982 784 suorum
1022 733 1163 784 malo
1202 736 1530 786 nasceretur:
1570 752 1714 788 nunc
1752 753 1843 804 pa-

144 826 263 860 rum
303 806 435 860 mihi
475 806 783 874 domestica,
824 807 1058 860 externis
1098 824 1313 875 quoque
1351 807 1706 862 laborandum
1746 813 1840 863 est.

78 906 121 940 ιο
142 881 294 935 nulla
338 886 481 934 terra
525 885 637 934 tam
675 882 837 950 longe
877 884 1084 934 remota
1123 885 1226 948 est,
1275 900 1411 950 quae
1449 901 1560 935 non
1599 885 1843 938 emittere

144 955 364 1025 aliquod
395 975 551 1009 suum
583 957 784 1033 malum
809 957 1002 1025 possit:
1042 956 1183 1008 unde
1216 957 1342 1025 sci0,
1382 976 1451 1010 an
1479 976 1624 1011 nunc
1649 959 1842 1027 aliquis

143 1049 368 1102 magnae
406 1031 584 1102 gentis
615 1031 674 1083 in
706 1030 890 1083 abdito
924 1031 1188 1099 domium,
1227 1031 1478 1084 fortunae
1508 1032 1845 1104 indulgentia
1871 1051 1895 1089 ⁷2·
1918 1063 1974 1094 ge„

1876 449 1934 497 11

1877 899 1937 940 12

141 1109 378 1174 tumenS,
424 1123 534 1158 non
574 1106 848 1158 contineat
885 1106 1027 1158 intra
1064 1107 1323 1159 terminos
1364 1125 1533 1175 arma,
1585 1127 1653 1160 an
1691 1112 1844 1177 paret
1894 1128 1903 1151 .-

143 1181 338 1233 classes
385 1181 573 1250 ignota
618 1180 882 1233 moliens?
935 1180 1076 1233 unde
1127 1181 1260 1249 sci0,
1314 1180 1404 1234 hic
1452 1181 1586 1234 mihi
1633 1202 1702 1235 an
1751 1183 1843 1236 ille
1887 1203 1894 1233 ,τ
1975 1175 1988 1214 ’-

77 1278 119 1312 15
143 1259 334 1308 ventus
365 1254 567 1308 bellum
600 1255 857 1307 invehat?
896 1273 1092 1325 magna
1122 1273 1246 1323 pars
1272 1259 1386 1308 erat
1408 1258 1554 1325 pacis
1578 1257 1843 1311 humanae

142 1331 311 1382 maria
349 1328 636 1399 praecludi.
712 1347 823 1381 non
861 1332 1064 1398 tamen,
1111 1332 1174 1381 ut
1219 1331 1381 1399 paulo
1423 1334 1544 1384 ante
1585 1331 1841 1400 dicebam,

143 1404 295 1473 queri
333 1422 619 1473 possumus
656 1403 720 1456 de
753 1409 970 1458 auctore
1000 1405 1173 1457 nostri
1206 1404 1321 1474 de0‚
1361 1406 1406 1458 si
1437 1406 1697 1459 beneficia
1728 1408 1843 1459 eius

143 1480 479 1547 corrupimus
530 1483 604 1546 et,
655 1482 715 1530 ut
765 1482 943 1532 essent
993 1480 1284 1547 contraria,
1336 1480 1617 1533 effecimus,
1697 1481 1844 1534 dedit

144 1553 235 1605 ille
289 1558 478 1605 ventos
532 1553 600 1605 ad
655 1553 1061 1607 custodiendam
1117 1554 1248 1606 caeli
1299 1557 1665 1624 terrarumque
1711 1559 1844 1609 tem-

76 1650 120 1683 2⁰
144 1628 360 1697 periem,
400 1626 468 1680 ad
506 1627 803 1681 evocandas
836 1628 1350 1697 supprimendasque
1381 1647 1562 1699 aquae,
1602 1630 1669 1682 ad
1701 1632 1842 1684 alen-

145 1703 242 1755 dos
283 1707 518 1755 satorum
560 1705 719 1771 atque
760 1703 1011 1756 arborum
1050 1703 1280 1772 fructus,
1333 1721 1469 1773 quos
1517 1703 1583 1757 ad
1623 1707 1841 1758 maturi-

141 1782 305 1830 tatem
355 1794 475 1829 cum
516 1776 636 1829 aliis
678 1778 850 1830 causis
892 1777 1109 1831 adducit
1148 1779 1266 1847 ipsa
1305 1778 1524 1832 iactatio
1565 1779 1840 1834 attrahens

142 1852 320 1904 cibum
375 1851 431 1904 in
486 1869 694 1904 summa
749 1856 802 1905 et
854 1870 922 1905 ne
977 1855 1228 1922 torpeant
1282 1871 1614 1922 permovens,
1693 1855 1840 1908 dedit

141 1930 330 1979 ventos
377 1925 443 1979 ad
491 1925 746 1979 ulteriora
783 1926 1074 1981 noscenda:
1120 1928 1311 1980 fuisset
1350 1929 1491 1981 enim
1531 1929 1840 1998 imperitum

75 2022 118 2054 ει
143 2001 341 2054 animal
380 2005 435 2054 et
473 2002 586 2053 sine
626 2019 820 2072 magna
858 2003 1186 2070 experientia
1224 2021 1401 2055 rerum
1441 2003 1619 2072 hom0,
1661 2004 1706 2056 si
1743 2004 1841 2058 cir-

142 2074 589 2129 cumscriberetur
627 2076 821 2128 natalis
861 2077 962 2129 soli
995 2076 1114 2130 fine.
1186 2076 1333 2130 dedit
1364 2081 1568 2147 ventosi,
1607 2082 1669 2131 ut
1701 2096 1839 2131 com—
1977 2135 1984 2145 Ι

1877 1347 1936 1386 13

1875 1870 1935 1909 14

140 2150 301 2202 moda
340 2151 598 2219 cuiusque
636 2150 871 2221 regionis
911 2151 1100 2204 fierent
1139 2153 1464 2221 communia,
1517 2170 1628 2205 non
1667 2156 1729 2206 ut
1766 2154 1838 2206 10-
1908 2153 1930 2180 '²'

141 2225 328 2295 giones
367 2226 708 2295 equitemque
741 2229 1012 2297 gestarent
1042 2243 1141 2279 nec
1171 2231 1233 2279 ut
1263 2226 1565 2296 perniciosa
1595 2229 1838 2297 gentium

140 2383 323 2414 cursum
357 2372 395 2415 ό
419 2374 433 2427 ΙΙ
464 2375 492 2414 2
524 2370 767 2416 Eufratem
796 2372 913 2417 trad.
949 2375 965 2429 ΙΙ
1000 2376 1026 2416 3
1061 2372 1120 2416 ad
1154 2373 1339 2432 aurum]
1371 2387 1562 2418 manum
1594 2375 1631 2419 ό
1655 2376 1720 2430 114
1754 2373 1839 2418 im-

141 2430 328 2489 merito]
359 2430 527 2475 merito
559 2446 592 2491 ρ
624 2435 638 2487 ΙΙ
669 2437 695 2475 7
729 2432 981 2491 quemque]
1014 2446 1200 2489 quoque
1232 2447 1265 2491 ρ
1295 2435 1300 2489 Ι
1328 2436 1452 2477 stare
1485 2435 1611 2477 terra
1641 2435 1738 2478 coll.
1765 2436 1798 2478 λ
1824 2436 1838 2491 11

142 2493 168 2532 8
200 2490 406 2550 tantum]
437 2494 597 2535 tamen
631 2492 664 2535 λ
688 2493 703 2546 ΙΙ
726 2495 754 2535 9
787 2491 1011 2551 externis]
1044 2495 1172 2550 (sunt
1202 2493 1308 2538 add.
1343 2494 1398 2548 δ)
1431 2493 1633 2538 exterius
1666 2495 1790 2551 δηΕ
1827 2497 1836 2551 ι

140 2547 309 2609 labora]
339 2549 512 2595 elabor.
546 2552 584 2596 ό
622 2555 636 2607 ΙΙ
674 2555 726 2594 10
758 2551 866 2610 0111.]
906 2550 1143 2596 remittere
1174 2566 1207 2611 ρ
1245 2555 1261 2609 ΙΙ
1298 2557 1348 2596 16
1390 2552 1586 2597 inuehat
1620 2554 1836 2613 Madvig]

141 2607 245 2653 -het
270 2611 278 2666 Ι
304 2611 427 2668 erat!
462 2610 553 2654 erit
583 2612 621 2655 δ
653 2614 667 2666 ΙΙ
702 2615 753 2654 16
784 2624 876 2655 11011
909 2612 1088 2671 tamen]
1122 2626 1233 2655 num
1264 2613 1303 2657 δ
1340 2614 1355 2668 11
1393 2616 1442 2655 17
1476 2613 1624 2657 nostri
1677 2615 1835 2657 nostro

141 2668 178 2712 d·
210 2670 225 2723 ΙΙ
254 2672 305 2711 1⁸
338 2682 517 2727 corrup.
551 2671 731 2729 Haase]
772 2670 1109 2728 corrumpimus
1139 2674 1144 2729 Ι
1173 2670 1298 2716 effec.
1334 2671 1538 2731 Fickert]
1571 2672 1622 2716 ef
1652 2673 1798 2716 cimus
1822 2674 1839 2729 ΙΙ

140 2730 200 2770 20
231 2728 289 2771 ad
323 2729 416 2787 eu.]
449 2732 498 2774 et
528 2729 588 2773 ad
622 2743 692 2773 011.
727 2730 764 2774 δ
773 2733 801 2773 J
810 2734 979 2774 1181·
1017 2734 1032 2788 ΙΙ
1071 2735 1122 2775 21
1163 2734 1250 2776 sat.
1286 2746 1325 2776 a.
1360 2731 1456 2776 arb.
1520 2734 1729 2788 segetum
1764 2744 1837 2774 ar-

141 2786 398 2844 borumque
414 2789 453 2834 <5
475 2792 490 2844 ΙΙ
512 2793 570 2833 28
594 2790 892 2849 permoneas]
909 2804 1100 2835 mouens
1125 2792 1163 2836 d*
1187 2794 1201 2847 ΙΙ
1225 2795 1281 2835 26
1307 2804 1459 2834 rerum
1506 2798 1611 2835 ante
1627 2805 1778 2848 exper.
1798 2792 1837 2835 δ

139 2852 239 2902 post
285 2846 422 2893 homo
468 2850 546 2893 21·
569 2849 758 2894 Skutsch
797 2851 813 2906 ΙΙ
851 2854 908 2894 28
956 2849 1187 2908 gentium]
1237 2849 1411 2894 ciuium
1458 2852 1518 2905 ὃ,
1564 2850 1837 2908 gerentibus

140 2906 384 2960 Selinda-⁴1⁸,
416 2907 583 2963 quouis
615 2909 825 2967 gentium
859 2909 1050 2954 Skutsch
