1988 3138
52 1718 109 1756 10

54 2088 107 2127 11

140 102 173 153 8
671 99 721 143 L.
753 98 990 143 ANNAEI
1021 99 1293 144 SENECAE

140 221 310 274 nubes
359 220 573 273 collisae
610 220 951 275 mediocriter
989 220 1376 291 fulgurationes
1417 222 1673 291 efficient,
1717 242 1827 275 ma-

142 295 254 348 iore
293 296 498 364 impetu
537 295 798 363 impulsae
836 293 1086 363 fulmina,
1137 296 1212 348 sic
1251 299 1450 365 quanto
1490 297 1609 349 illas
1648 298 1824 350 minus

139 371 334 438 pressit
377 369 454 421 vis
494 369 816 438 minoresve,
860 371 1012 421 tanto
1057 370 1257 422 leviora
1294 369 1521 423 fulmina
1559 373 1824 424 emittunt.

139 443 534 495 Aristoteles
565 441 827 495 rationem
860 443 1121 495 eiusmodi
1151 443 1346 496 reddit:
1381 444 1546 497 ‘varia
1576 448 1629 497 et
1656 447 1827 498 multa

139 520 400 570 terrarum
435 517 580 569 orbis
620 517 840 586 expirat,
877 517 1134 585 quaedam
1166 518 1348 570 umida
1380 519 1637 587 quaedam
1671 520 1826 587 sicca,
1871 540 1893 574 5

140 591 399 659 quaedam
422 591 648 643 calentia
672 591 932 659 quaedam
961 590 1321 660 concipiendis
1353 592 1568 662 ignibus
1601 594 1823 646 idonea.'

139 683 238 718 nec
285 666 481 717 mirum
529 668 631 733 est,
679 666 726 717 si
765 668 934 718 terrae
974 665 1148 718 omnis
1189 667 1396 736 generis
1436 670 1489 719 et
1525 669 1672 719 varia
1711 687 1827 720 eva-

138 740 351 808 poratio
400 742 504 807 est,
549 756 668 791 cum
719 740 776 791 in
814 740 958 792 caelo
999 757 1210 807 quoque
1248 758 1359 792 non
1395 759 1533 794 unus
1573 745 1827 810 appareat

142 814 290 867 color
327 831 522 881 rerum,
560 814 653 865 sed
692 814 864 866 acrior
895 814 966 866 sit
998 813 1281 866 Caniculae
1311 815 1489 883 rubor,
1528 815 1717 868 Martis
1748 834 1826 868 re·

139 887 369 957 missior,
407 886 551 940 Iovis
589 888 769 940 nullus
809 888 866 939 in
902 887 1077 941 lucem
1115 907 1306 957 puram
1344 889 1520 942 nitore
1555 891 1824 959 perducto.
1852 913 1894 945 ιο

139 980 352 1015 necesse
393 964 474 1014 est
513 980 638 1032 ergo
681 963 736 1014 in
775 980 969 1032 magna
1008 963 1162 1031 copia
1201 964 1653 1033 corpusculorum,
1693 982 1827 1032 quae

139 1038 310 1089 terrae
350 1037 579 1088 eiectant
618 1038 671 1088 et
711 1036 763 1087 in
806 1037 1135 1105 superiorem
1176 1041 1343 1107 agunt
1381 1041 1609 1107 partem,
1648 1037 1828 1107 aliqua

139 1110 197 1163 in
234 1110 403 1163 nubes
442 1111 718 1178 pervenire
757 1111 1011 1163 alimenta
1046 1111 1268 1181 ignium,
1309 1129 1444 1179 quae
1474 1130 1585 1164 non
1616 1115 1827 1166 tantum

140 1184 328 1238 collisa
379 1185 590 1253 possint
643 1185 824 1236 ardere
880 1184 972 1237 sed
1025 1186 1184 1237 etiam
1239 1186 1420 1238 afflata
1467 1186 1629 1239 radiis
1682 1186 1825 1240 solis

138 1277 263 1311 nam
302 1258 444 1328 apud
474 1276 572 1311 nos
605 1276 817 1326 quoque
847 1262 1087 1311 ramenta
1119 1259 1372 1328 sulphure
1404 1278 1615 1329 aspersa
1645 1261 1826 1332 ignem
1852 1283 1895 1316 15

141 1351 207 1385 ex
247 1333 528 1385 intervallo
569 1332 799 1384 trahunt.
870 1334 981 1385 veri
1021 1351 1146 1404 ergo
1187 1334 1360 1386 simile
1400 1338 1480 1387 est
1517 1336 1679 1387 talem
1719 1354 1827 1387 ma-

140 1407 330 1460 teriam
369 1407 509 1459 inter
546 1407 713 1459 nubes
755 1411 1130 1477 congregatam
1170 1408 1326 1461 facile
1366 1409 1612 1461 succendi
1648 1413 1701 1462 et
1731 1409 1827 1462 mi-

139 1500 294 1534 nores
334 1482 627 1533 maioresve
659 1480 808 1551 ignes
843 1481 1081 1549 existere,
1119 1486 1280 1551 prout
1310 1483 1429 1550 plus
1462 1483 1569 1536 illis
1601 1483 1705 1554 fuit
1736 1487 1828 1536 aut

140 1556 317 1608 minus
349 1555 559 1607 virium.
629 1554 762 1607 illud
795 1555 935 1607 enim
970 1556 1360 1627 stultissimum,
1400 1558 1703 1611 existimare
1735 1562 1828 1610 aut

141 1630 381 1682 decidere
429 1629 610 1682 stellas
658 1633 750 1681 aut
796 1630 1062 1682 transilire
1109 1634 1201 1682 aut
1242 1630 1443 1698 aliquid
1483 1631 1589 1684 illis
1630 1633 1823 1684 auferri
1850 1653 1894 1686 20

141 1708 194 1756 et
233 1704 436 1756 abradi:
475 1722 600 1755 nam
642 1704 686 1756 si
725 1704 830 1756 hoc
867 1705 1077 1772 fuisset,
1117 1705 1276 1756 etiam
1318 1705 1630 1775 defuissent3
1679 1706 1827 1758 nulla

141 1779 284 1831 enim
330 1796 439 1830 nox
486 1781 587 1846 est,
635 1795 740 1845 qua
785 1797 896 1830 non
940 1778 1202 1846 plurimae
1249 1780 1324 1831 ire
1372 1783 1425 1831 et
1462 1780 1519 1832 in
1559 1780 1826 1833 diversum

139 1852 420 1904 videantur
458 1851 667 1905 abduci.
745 1852 894 1920 atqui
942 1870 1047 1920 quo
1097 1854 1232 1905 solet
1279 1871 1519 1921 quaeque
1558 1855 1826 1907 invenitur

138 1928 283 1995 loco,
337 1926 460 1994 (et)
510 1925 826 1996 magnitudo
879 1945 973 1979 sua
1024 1927 1248 1997 singulis
1301 1931 1531 1980 constat:
1587 1925 1866 1996 sequitur

141 2019 291 2071 ergo,
339 2003 400 2052 ut
447 2000 587 2052 infra
632 2000 751 2052 illas
790 2000 893 2053 ista
931 2004 1217 2053 nascantur
1255 2004 1308 2054 et
1347 2002 1452 2054 cito
1493 2003 1825 2071 intercidant,
1850 2023 1893 2056 25

142 2076 268 2142 quia
307 2075 420 2127 sine
458 2074 805 2126 fundamento
848 2078 900 2126 et
939 2075 1060 2127 sede
1099 2079 1241 2127 certa
1276 2079 1412 2128 sunt.
1486 2077 1667 2144 ‘quare
1699 2095 1825 2147 ergo

258 2202 375 2240 4—6
406 2199 549 2242 Arist.
583 2198 767 2242 Meteor.
802 2199 834 2241 1
860 2201 888 2242 4
911 2213 961 2254 p.
988 2199 1115 2243 341b
1148 2203 1251 2255 (isq.

257 2313 279 2351 1
303 2309 422 2352 med.
458 2309 648 2353 collisae
679 2309 775 2353 coll.
802 2311 842 2352 Δ
875 2308 890 2368 Η
919 2314 947 2352 2
972 2309 1038 2353 sic
1063 2336 1117 2341 —
1145 2314 1170 2353 3
1203 2310 1420 2369 fulmina]
1454 2325 1536 2354 om.
1556 2313 1595 2354 Δ
1633 2313 1638 2367 Ι
1672 2310 1825 2354 minus

138 2367 246 2411 illas
278 2369 374 2412 coll.
401 2370 478 2412 Ἑλ
515 2370 520 2425 Ι
555 2369 729 2426 minus]
760 2368 912 2411 minor
936 2369 1154 2427 Madvig,
1185 2371 1261 2413 sed
1291 2371 1394 2424 fort.
1428 2370 1725 2428 minor[es]ve
1750 2371 1777 2413 l.
1797 2374 1825 2413 3

140 2442 252 2472 corr.
283 2427 359 2471 Ge.
404 2429 417 2484 Η
461 2432 486 2470 3
519 2427 689 2484 pressit
719 2428 787 2471 vis
812 2427 1027 2486 Madvi-q]
1060 2429 1282 2484 presseris
1325 2431 1338 2486 ΙΙ
1381 2434 1409 2472 4
1438 2430 1689 2487 rationem]
1721 2435 1827 2473 ante

139 2485 296 2529 reddit
319 2489 359 2529 A
370 2492 402 2528 Τ
427 2493 531 2543 post
567 2487 722 2530 reddit
744 2492 777 2529 P
807 2489 820 2543 Η
854 2491 878 2529 5
911 2487 1034 2530 hum.
1067 2489 1132 2532 sie
1169 2502 1338 2544 semper
1362 2489 1469 2533 libri
1498 2489 1513 2547 Η
1544 2493 1570 2531 6
1603 2488 1824 2546 calentia]

139 2547 228 2600 def.
256 2547 498 2600 Rossbach,
525 2547 755 2601 quaedam
781 2546 866 2590 cal.
893 2560 974 2590 om.
1002 2563 1055 2605 ρ,
1082 2547 1291 2604 algentia
1316 2549 1484 2592 Muret.
1511 2549 1525 2604 ΙΙ
1548 2552 1599 2590 14
1621 2548 1825 2605 possint]

138 2607 337 2661 possunt
368 2606 406 2648 δ
415 2611 446 2647 Τ
482 2607 495 2662 ΙΙ
533 2610 582 2647 15
614 2607 847 2663 ramenta]
878 2607 934 2660 cf.
962 2607 1174 2650 Martial.
1203 2611 1272 2661 10,
1290 2610 1338 2661 3,
1378 2607 1632 2650 stramenta
1655 2609 1696 2650 Δ
1731 2620 1824 2649 sar-

139 2666 300 2707 menta
332 2668 400 2705 ΤΖ
418 2665 614 2708 Fortun.
663 2667 677 2721 ΙΙ
722 2670 771 2706 18
804 2665 1002 2708 maiores
1034 2665 1295 2710 minoresue
1327 2667 1421 2710 coll.
1447 2669 1487 2709 Δ
1535 2667 1548 2722 ΙΙ
1590 2671 1641 2708 19
1674 2666 1823 2723 stult]

141 2722 469 2766 stultissimum
502 2726 573 2766 est
596 2726 678 2766 AT
713 2726 727 2780 ΙΙ
758 2728 810 2766 21
834 2723 994 2781 etiam]
1029 2725 1124 2767 iam
1148 2728 1187 2768 Δ
1221 2727 1268 2769 et
1298 2727 1444 2782 υιιῐρο,
1475 2726 1557 2768 del.
1583 2725 1780 2782 Madvig)
1815 2728 1820 2780 l

141 2782 419 2840 defuissent]
456 2783 735 2827 defecissent
757 2783 821 2825 ΙΙ1
844 2783 1062 2840 Madvig),
1093 2784 1322 2828 redissent
1351 2786 1419 2828 vel
1448 2784 1639 2827 reduces
1673 2787 1826 2828 essent

145 2842 221 2885 Ge.
261 2841 276 2900 ΙΙ
313 2846 371 2884 22
402 2840 651 2900 plurimae]
684 2857 832 2885 -mum
862 2845 902 2885 A
946 2844 959 2899 ΙΙ
1002 2847 1058 2885 23
1093 2843 1228 2901 solet]
1263 2843 1412 2887 solent
1443 2846 1482 2886 A
1519 2845 1525 2900 Ι
1566 2843 1825 2901 inuenitur]

139 2900 445 2944 inueniuntur
475 2904 515 2944 A
571 2903 584 2957 Η
639 2906 696 2944 24
729 2904 776 2945 et
807 2901 911 2944 add.
942 2902 1019 2945 Ge.
