1988 3138
191 95 276 139 XX
867 95 1209 140 PRAEFATIO

193 221 332 269 Diels
371 222 562 283 primus
601 220 749 283 vidit,
789 221 1122 283 Byzantinum
1159 223 1411 285 integrum
1452 223 1634 271 librum
1673 224 1786 271 IVa
1827 224 1886 272 de

189 294 308 343 Nilo
356 296 595 356 scriptum
639 294 831 359 legisse.
912 312 1010 357 qua
1057 296 1116 344 de
1162 311 1311 344 causa
1357 297 1502 344 huius
1550 301 1780 359 excerpta
1824 299 1887 346 ad

190 370 375 417 calcem
413 368 531 416 libri
571 368 752 416 addidi.

302 443 395 491 His
429 443 746 505 antiquitatis
777 443 986 492 testibus
1016 444 1311 493 recentiores
1341 445 1581 493 accedunt
1603 446 1742 494 velut
1766 446 1886 493 Vin-

191 518 382 565 centius
421 517 788 565 Bellovacensis
829 520 878 565 et
915 517 1151 566 Albertus
1190 518 1418 581 Magnus,
1459 519 1543 580 qui
1582 520 1744 568 medio
1783 510 1886 568 fere

189 606 315 640 saec.
340 590 464 638 XIII
487 591 603 639 Nat.
631 590 952 648 Quaestiones
985 595 1332 654 excerpserunt
1366 586 1528 659 (Stud.
1554 594 1578 640 I
1604 588 1713 659 89).
1765 595 1886 642 haec

189 665 479 714 testimonia
530 669 580 712 et
630 666 797 728 ampla
849 668 898 713 et
945 667 1136 714 sincera
1184 667 1352 730 magni
1399 667 1753 729 aestimabant,
1801 669 1887 730 qui

190 739 479 788 melioribus
512 739 764 787 codicibus
790 741 1038 801 carebant,
1070 741 1235 788 Haase
1259 741 1465 789 Larisch
1490 740 1546 789 G.
1565 741 1746 790 Miiller
1777 743 1887 790 alii:

189 828 322 862 nunc
360 816 628 876 postquam
659 814 849 862 codices
888 814 1071 877 integri
1111 815 1153 862 si
1193 830 1289 863 non
1328 816 1426 877 ipsi
1467 816 1527 863 ab
1566 816 1667 864 illis
1707 817 1887 865 exhau-

191 887 256 936 sti
294 891 463 935 tamen
499 888 718 936 eiusdem
756 891 902 936 notae
935 887 1098 954 (Stud.
1131 889 1158 936 I
1191 891 1257 937 49
1279 905 1348 951 sq.
1386 891 1454 938 70
1471 883 1566 956 sq.)
1601 906 1700 938 non
1738 893 1888 952 pauci

191 962 332 1010 nobis
372 962 708 1024 innotuerunt,
748 963 899 1010 missa
929 963 1155 1011 facimus.
1218 980 1368 1011 unam
1401 966 1888 1013 commemoraverim

192 1038 428 1084 notitiam
460 1036 612 1084 medii
643 1037 754 1085 aevi
784 1037 1016 1098 ineuntis,
1049 1054 1202 1100 quam
1233 1054 1377 1086 curae
1411 1036 1610 1087 Ottonis
1636 1039 1887 1087 Rossbach

192 1111 359 1172 debeo,
390 1111 664 1158 Annalium
696 1110 1064 1159 Coloniensium
1095 1128 1222 1160 max.
1263 1113 1327 1159 ad
1366 1112 1389 1159 Ι
1425 1114 1471 1173 2,
1501 1116 1526 1160 1
1572 1115 1884 1175 exscriptam.

333 1284 423 1339 IV.
478 1284 555 1338 De
595 1283 888 1355 archetypo
930 1285 1153 1339 familiis
1195 1286 1457 1357 stirpibus
1500 1285 1742 1341 codicum

306 1407 446 1455 Unus
508 1411 704 1456 tantum
758 1408 1082 1455 Naturalium
1138 1409 1493 1465 Quaestionum
1553 1410 1679 1458 liber
1738 1427 1889 1458 manu

193 1482 407 1544 scriptus
463 1482 666 1530 seorsim
720 1498 750 1530 a
805 1482 980 1530 ceteris
1028 1482 1241 1530 Senecae
1297 1483 1436 1532 libris
1480 1484 1695 1532 traditus
1746 1487 1886 1546 isque

191 1559 291 1605 iam
329 1559 588 1606 truncatus
621 1557 940 1620 compagibus
975 1557 1152 1605 solutis
1185 1560 1235 1605 et
1266 1558 1481 1606 discissis
1514 1561 1730 1607 aetatem
1769 1559 1888 1607 tulit

195 1624 361 1698 (Stud.
394 1631 419 1678 I
454 1632 521 1679 86
542 1647 645 1694 sqq.
687 1631 738 1678 II
771 1627 842 1694 5).
928 1647 984 1678 eo
1039 1634 1170 1679 enim
1224 1635 1466 1694 tempore,
1523 1649 1619 1694 quo
1672 1635 1888 1695 primum

196 1706 471 1767 descriptus
512 1708 602 1766 est,
640 1705 752 1753 finis
792 1706 906 1752 libri
944 1705 1062 1753 IVa
1101 1710 1150 1754 et
1188 1706 1389 1754 initium
1427 1707 1543 1755 libri
1574 1707 1690 1755 IVb
1723 1707 1887 1755 nescio

187 1795 259 1828 an
299 1779 677 1842 quaternionem
723 1780 952 1842 amplexa
997 1781 1372 1842 interciderant,
1411 1783 1585 1843 postea
1623 1783 1769 1843 plura
1807 1782 1887 1829 de-

185 1855 421 1902 fecerunt
466 1854 600 1902 foliis
649 1853 749 1901 illis
797 1855 991 1902 amissis
1031 1854 1209 1902 vicina.
1288 1855 1487 1903 litterae
1532 1856 1681 1903 huius
1728 1871 1887 1904 exem-

186 1928 347 1991 plaris
380 1928 501 1976 satis
533 1929 721 1977 vetusti
753 1930 803 1975 et
834 1928 1004 1976 detriti
1044 1944 1074 1975 a
1120 1928 1290 1976 scribis
1332 1931 1512 1977 aetatis
1547 1929 1887 1994 Carolingicae

187 2018 341 2066 aegre
374 2002 780 2065 dispiciebantur,
815 2004 1011 2066 aegrius
1044 2019 1073 2050 a
1104 2003 1475 2052 recentioribus.
1538 2020 1698 2066 neque
1729 2005 1888 2069 igitur

188 2076 392 2140 saepius
433 2093 583 2139 quam
620 2076 696 2124 bis
736 2077 1117 2139 describebatur,
1157 2094 1269 2125 mox
1317 2078 1452 2126 istud
1490 2079 1543 2125 in
1582 2079 1687 2126 dies
1711 2079 1886 2141 „magis

190 2153 478 2200 truncatum
519 2154 568 2199 et
605 2151 856 2198 foedatum
897 2151 1060 2213 periit.
1720 2154 1723 2157 “

306 2225 474 2273 Unum
511 2225 657 2273 huius
697 2226 859 2286 operis
900 2227 1153 2287 exemplar
1189 2227 1352 2273 medio
1394 2227 1495 2274 fere
1535 2243 1659 2275 saec.
1699 2227 1769 2274 IX
1807 2228 1887 2275 vel

195 2302 403 2348 exeunte
424 2299 743 2347 Constantiae
768 2299 918 2347 fuisse
937 2316 962 2347 e
979 2300 1208 2363 catalogo
1233 2303 1518 2362 pervetusto
1537 2294 1607 2367 (p.
1626 2303 1690 2349 15
1706 2294 1885 2366 Bekk.)

195 2373 431 2436 divinavi,
469 2390 614 2435 quem
652 2374 704 2420 in
743 2375 1044 2421 monasterio
1078 2373 1147 2421 St.
1177 2372 1309 2421 Galli
1340 2377 1670 2438 perscriptum
1702 2391 1804 2424 esse
1838 2378 1887 2422 et

194 2439 415 2496 H.B1ass
456 2442 713 2514 (Fleckeis.
747 2464 857 2495 ann.
884 2449 1046 2510 suppl.
1077 2449 1174 2496 vol.
1192 2448 1316 2496 VIII
1347 2466 1393 2510 p.
1415 2443 1544 2516 166)
1586 2453 1634 2497 et
1673 2465 1764 2513 ego
1802 2467 1885 2497 ne-

195 2524 435 2587 gavimus.
495 2521 567 2569 ibi
600 2524 731 2569 enim
769 2522 954 2586 legitur
983 2521 1156 2570 Seuece
1185 2524 1493 2572 naturalium
1523 2526 1824 2584 questionum
1855 2524 1894 2571 I

196 2590 274 2662 (id
312 2599 386 2644 est
422 2597 646 2645 volumen
682 2591 885 2662 uuum):
925 2596 985 2643 ab
1027 2613 1081 2644 eo
1121 2597 1277 2659 igitur
1314 2600 1422 2645 tota
1460 2598 1669 2645 fortasse
1705 2614 1885 2646 memo-

195 2672 272 2718 ria
312 2672 482 2718 nostra
513 2671 708 2732 pendet.
771 2672 876 2719 sine
909 2670 1060 2718 dubio
1098 2673 1264 2732 potuit
1294 2672 1387 2719 hoc
1419 2688 1594 2733 corpus
1625 2671 1885 2720 heredibus

195 2760 296 2793 non
340 2745 527 2793 relictis
573 2747 750 2807 perire,
796 2747 960 2806 potest
998 2744 1061 2791 ad
1109 2746 1262 2792 alium
1300 2746 1518 2793 codicem
1556 2746 1679 2793 alibi
1719 2761 1885 2794 serva-

196 2821 305 2866 tum
344 2819 430 2867 sed
466 2818 609 2868 nobis
655 2821 887 2882 ignotum.
929 2820 1168 2866 memoria
1205 2822 1376 2868 nostra
1412 2819 1650 2867 recedere.
1728 2835 1886 2881 neque

196 2893 287 2941 ubi
339 2893 489 2942 codex
542 2893 838 2956 archetypus
894 2895 1123 2943 exaratus
1171 2895 1256 2955 sit,
1303 2897 1471 2942 utrum
1516 2909 1574 2942 ex
1619 2894 1771 2941 Italia
1823 2894 1885 2941 ad
