1988 3138
555 121 779 168 NATUR.
814 120 1063 176 QUAEST.
1097 121 1207 166 LIB.
1239 122 1272 166 I.
1307 125 1437 166 6—8.
1769 120 1840 172 27

145 247 449 318 imaginem,
480 245 607 315 quia
643 244 775 297 levis
815 246 896 296 est
933 243 1156 296 materia
1186 246 1239 296 et
1270 243 1337 296 ad
1367 243 1473 296 hoc
1501 241 1712 311 habffis,
1751 242 1843 294 sed

143 341 255 375 non
292 324 485 391 potest,
523 320 650 388 quia
686 318 977 371 enormiter
1013 317 1156 371 facta
1186 321 1281 370 est.
1344 318 1389 370 si
1421 321 1546 387 apta
1582 316 1843 369 fabricata

146 398 300 463 foret,
331 394 555 448 totidem
586 392 830 446 redderet
860 393 1015 461 soles,
1047 395 1180 461 quot
1210 392 1486 445 habuisset
1515 391 1554 460 †
1578 391 1842 460 inspecto-

145 489 241 524 res.
320 487 455 538 quae
506 468 632 537 quia
669 467 831 536 (vix)
869 467 1242 519 discernuntur
1292 467 1430 519 inter
1469 484 1524 519 se
1573 482 1673 518 nec
1712 465 1840 518 satis

98 566 120 599 5
146 546 200 597 in
252 544 423 596 vicem
479 542 682 611 speculi
735 542 931 609 nitent,
993 541 1248 594 incohant
1308 543 1518 593 tantum
1581 540 1840 610 imagines

142 636 242 671 nec
294 618 603 686 exprimunt
655 619 709 668 et
757 616 825 668 ob
881 615 1054 684 ipsam
1099 615 1352 668 viciniam
1406 615 1626 667 turbant
1679 618 1732 667 et
1786 614 1843 666 in

144 693 374 762 speciem
416 692 609 744 coloris
648 690 807 743 unius
848 689 1130 743 abducunt.

255 766 301 819 8.
343 765 438 819 ‘At
469 783 632 835 quare
664 782 817 817 arcus
855 782 964 817 non
1003 765 1193 833 implet
1232 764 1431 832 orbem,
1470 763 1563 816 sed
1601 782 1725 832 pars
1766 762 1839 815 di-
1875 778 1897 817 1

144 840 308 893 midia
345 841 459 893 eius
497 839 723 907 videtur,
774 856 895 892 cum
934 839 1228 907 plurimum
1267 838 1564 908 porrigitur
1602 839 1841 891 incurva-

75 938 120 971 ιο
143 915 399 985 turque‘?'
476 914 693 982 quidam
741 914 816 965 ita
862 914 1171 982 opinantur:
1226 915 1330 982 sol,
1385 931 1505 966 cum
1553 912 1624 965 sit
1669 913 1840 964 multo

142 991 302 1043 altior
337 989 585 1056 nubibuS,
625 1007 657 1040 a
695 988 967 1057 superiore
1006 988 1126 1040 illas
1165 990 1375 1040 tantum
1405 987 1640 1056 percutit
1669 989 1842 1056 parte3

143 1065 399 1134 sequitur,
449 1067 511 1116 ut
548 1063 769 1115 inferior
805 1081 928 1131 pars
968 1081 1150 1115 earum
1188 1080 1300 1115 non
1337 1063 1579 1132 tingatur
1616 1062 1841 1114 lumine:

142 1157 270 1210 ergo
322 1157 444 1191 cum
495 1138 561 1190 ab
611 1155 719 1190 una
767 1140 920 1206 parte
971 1137 1139 1189 solem
1191 1137 1479 1206 accipiant,
1525 1154 1688 1189 unam
1728 1136 1841 1188 eius

141 1217 347 1283 partem
398 1213 690 1278 imitantur,
742 1230 877 1280 quae
925 1228 1219 1279 numquam
1267 1211 1488 1263 dimidia
1536 1211 1709 1263 maior
1747 1213 1840 1263 est.

74 1309 118 1343 15
141 1287 246 1341 hoc
299 1290 673 1358 argumentum
734 1304 924 1355 parum
978 1289 1168 1355 potens
1222 1289 1315 1339 est.
1410 1286 1608 1355 quare?
1701 1285 1841 1355 quia,
1874 1301 1899 1339 2

146 1363 389 1432 quamvis
429 1362 511 1414 sol
557 1380 622 1413 ex
661 1361 934 1429 superiore
973 1363 1123 1429 parte
1164 1361 1248 1429 sit,
1298 1363 1468 1413 totam
1507 1363 1686 1413 tamen
1725 1378 1842 1429 per-

144 1437 279 1490 cutit
308 1436 522 1504 nubem,
553 1452 680 1505 ergo
713 1438 767 1488 et
798 1435 972 1504 tingit.
1030 1434 1254 1504 quidni?
1308 1452 1430 1488 cum
1462 1434 1640 1487 radios
1672 1438 1841 1487 trans-

143 1512 354 1564 mittere
394 1511 563 1563 soleat
611 1514 665 1563 et
704 1527 916 1562 omnem
956 1508 1272 1562 densitatem
1322 1528 1677 1579 perrumpere.
1757 1509 1842 1562 de-

145 1585 268 1638 inde
319 1586 639 1638 contrariam
690 1602 802 1637 rem
851 1585 1132 1653 proposito
1185 1601 1280 1636 suo
1333 1584 1528 1636 dicunt.
1619 1602 1744 1636 nam
1797 1584 1841 1636 si

75 1682 120 1714 so
145 1660 388 1729 superior
424 1663 505 1712 est
544 1660 626 1711 sol
664 1662 718 1711 et
757 1658 874 1711 ideo
908 1659 1171 1727 superiori
1202 1661 1412 1711 tantum
1444 1659 1585 1728 parti
1615 1658 1842 1711 nubium

143 1733 449 1802 affunditur,
479 1751 774 1802 numquam
806 1736 946 1785 terra
976 1736 1130 1785 tenus
1163 1732 1446 1786 descendet
1477 1751 1651 1786 arcus:
1693 1732 1842 1801 atqui

143 1827 310 1878 usque
350 1810 407 1860 in
444 1807 667 1861 humum
709 1807 1014 1860 demittitur.
1090 1810 1362 1876 praeterea
1398 1826 1692 1877 numquam
1731 1825 1842 1859 non
1875 1821 1900 1860 3

143 1886 330 1937 contra
374 1884 541 1936 solem
589 1900 743 1935 arcus
783 1885 886 1951 est,
930 1880 1067 1934 nihil
1114 1885 1291 1935 autem
1339 1881 1405 1934 ad
1442 1900 1554 1935 rem
1595 1882 1842 1951 pertinet,

145 1976 305 2027 supra
356 1957 558 2010 infrave
610 1957 700 2025 sit,
752 1957 878 2025 quia
927 1959 1102 2009 totum
1154 1956 1298 2026 quod
1338 1959 1523 2010 contra
1570 1959 1650 2010 est
1699 1958 1840 2009 latus

72 2052 120 2087 2⁵
145 2032 461 2085 verberatur.
533 2031 722 2084 deinde
761 2030 1047 2101 aliquando
1089 2049 1270 2084 arcum
1310 2034 1363 2083 et
1403 2031 1649 2084 occidens
1689 2031 1841 2101 facit3

143 2110 258 2160 tum
298 2110 438 2159 certe
477 2125 541 2158 ex
582 2105 820 2159 inferiori
860 2109 1010 2175 parte
1048 2105 1216 2158 nubes
1263 2105 1390 2158 ferit
1427 2106 1582 2158 terris
1623 2106 1841 2175 propin-

264 2227 292 2266 2
317 2224 450 2281 apta]
483 2224 591 2279 apte
615 2222 750 2281 vulyo
780 2225 795 2279 ΙΙ
827 2226 853 2266 3
886 2221 1150 2280 habuisset]
1173 2223 1279 2277 fort.
1308 2221 1481 2269 habuit.
1504 2222 1579 2267 Ge.
1619 2224 1623 2279 Ι
1659 2222 1839 2279 inspec-

143 2283 287 2341 tores]
312 2282 571 2326 insecturas
589 2282 785 2327 Fortun.
811 2281 1125 2338 inspectiones
1143 2282 1311 2326 Annic.
1338 2281 1592 2326 infecturas
1611 2282 1839 2340 Bonyars.

143 2342 430 2399 inseptiones
448 2341 622 2395 Haase,
645 2341 927 2385 inflectiones
945 2341 1171 2387 Schultess
1194 2341 1243 2384 in
1262 2355 1310 2385 se
1333 2341 1510 2386 colores
1527 2345 1556 2384 z
1581 2341 1631 2384 in
1649 2355 1697 2385 se
1714 2343 1840 2386 toros

144 2402 239 2445 Leo
261 2402 375 2446 conl.
395 2415 442 2458 p.
468 2404 546 2455 26,
564 2404 637 2454 12,
668 2401 806 2445 strias
832 2400 1097 2458 speculares
1125 2401 1202 2445 Ge.
1235 2402 1250 2457 ΙΙ
1281 2405 1310 2445 4
1342 2414 1462 2457 quae
1487 2401 1585 2460 61⁸]
1620 2400 1701 2457 qui
1729 2403 1734 2457 Ι
1764 2400 1838 2444 vix

142 2461 250 2506 aad.
281 2461 357 2506 Ge.
390 2461 503 2506 conl.
538 2464 580 2514 3,
598 2464 643 2515 6,
673 2474 766 2504 non
800 2460 995 2505 Fortun.
1044 2462 1058 2517 ΙΙ
1106 2465 1131 2503 5
1164 2459 1317 2505 nitent
1376 2463 1542 2518 patent
1573 2460 1798 2505 Schultess
1833 2463 1838 2517 Ι

144 2521 349 2579 tantum]
393 2523 552 2563 tamen
586 2522 624 2563 Δ
668 2521 683 2576 ΙΙ
725 2524 753 2564 6
784 2519 852 2578 in]
885 2520 968 2565 del.
995 2520 1219 2565 Schultess
1253 2523 1258 2577 Ι
1295 2533 1323 2563 a
1360 2520 1537 2565 ducunt
1568 2521 1717 2622 aaz]
1760 2519 1841 2563 ad-

144 2580 323 2624 ducunt
354 2581 514 2639 ‹5on
546 2580 679 2637 vulqo
704 2579 928 2624 Schultess
965 2582 980 2636 ΙΙ
1019 2584 1064 2622 11
1096 2578 1203 2623 illas
1236 2581 1440 2639 tantum]
1474 2583 1633 2625 tamen
1665 2579 1699 2623 il
1721 2592 1771 2622 as
1799 2582 1838 2622 Δ

146 2639 251 2683 illas
275 2645 308 2683 ⁶1·
338 2642 353 2696 fl
384 2643 436 2682 12
459 2639 672 2697 tingatur
698 2638 959 2698 Michaelis]
984 2640 1221 2696 tangatur,
1247 2642 1303 2695 cs.
1331 2641 1358 2684 l.
1378 2644 1437 2683 17
1459 2642 1473 2697 11
1507 2643 1555 2683 13
1582 2638 1838 2696 accipiant]

145 2702 250 2743 -unt
274 2701 312 2744 ό·
334 2703 348 2755 ΙΙ
373 2702 424 2742 14
449 2701 630 2755 partem
656 2697 755 2741 eius
779 2699 877 2743 coll.
905 2704 1018 2743 sx'l'
1050 2700 1065 2755 ΙΙ
1095 2703 1147 2742 16
1172 2698 1240 2743 sol
1267 2699 1435 2758 AB1'1']
1460 2704 1566 2744 aute
1588 2702 1723 2755 parte
1752 2700 1803 2741 Φ
1826 2699 1840 2754 ΙΙ

146 2762 195 2802 17
221 2761 269 2802 91
300 2758 444 2815 tingit
468 2760 608 2816 101⁸]
635 2757 868 2815 contingit
884 2761 967 2802 ΔΡ
999 2761 1046 2802 91
1069 2757 1247 2815 tinguit
1270 2761 1430 2803 &1102
1454 2762 1468 2816 Η
1492 2764 1544 2802 21
1569 2758 1668 2816 affi]
1694 2756 1841 2800 effun-

146 2817 275 2862 ditur
305 2819 339 2862 ).
388 2822 397 2885 j
446 2817 701 2861 descendet
744 2818 898 2876 arcus]
945 2817 1190 2861 descendit
1222 2820 1260 2862 Δ
1308 2820 1322 2874 ΙΙ
1368 2822 1426 2862 22
1467 2817 1731 2862 demittitur
1762 2820 1840 2859 ΔΤ

150 2876 304 2935 Gertz]
352 2877 460 2921 dim.
517 2879 531 2933 u
585 2881 641 2920 25
686 2876 920 2935 occidens]
967 2891 1023 2922 sc.
1064 2878 1132 2921 sol
1185 2879 1199 2932 ΙΙ
1253 2881 1310 2921 26
1358 2879 1457 2921 111111
1503 2877 1680 2935 anz]
1729 2877 1840 2919 tunc

144 2936 274 2980 «58³.
324 2941 329 2990 ι
380 2936 610 2994 inferiori]
645 2950 740 2980 -ore
773 2938 846 2980 λΖ
896 2939 902 2994 1
953 2936 1261 2994 propinquus]
1298 2937 1423 2992 -quis
1457 2939 1559 2993 (ε)0
1602 2935 1758 2991 -quius
1790 2935 1841 2977 δ’
