1988 3138
168 100 278 152 210
409 156 421 159 ,
705 99 754 143 L.
787 99 1025 143 ANNAEI
1057 99 1328 144 SENECAE

167 239 275 289 quo
309 221 538 289 densior,
569 221 674 273 1100
703 220 932 273 validior
964 223 1056 273 est.
1122 221 1291 289 (ubi)
1321 222 1448 274 huic
1475 224 1650 290 friyus
1683 240 1865 291 super-

166 294 329 362 venit,
355 296 442 348 cui
465 295 764 348 necessario
791 298 1146 365 congregatus
1171 295 1262 348 ille
1288 297 1395 348 iam
1420 300 1474 349 et
1501 297 1558 348 in
1582 302 1864 367 angustum

167 387 382 438 pressus
422 370 541 422 loco
584 369 739 439 cedit,
778 369 919 422 idem
953 370 1054 438 (e)
1086 371 1353 423 contrario
1393 372 1591 423 evenit:
1631 389 1751 423 cum
1783 372 1863 424 vis

167 443 338 496 maior
376 443 562 514 frigidi
595 443 745 495 illata
785 444 840 495 in
871 444 1108 496 cavernis
1140 447 1234 512 est,
1276 445 1531 513 quiequid
1563 445 1675 497 11110
1707 445 1864 498 calidi

166 520 313 586 latet,
345 518 537 588 frigori
571 518 760 571 cedens
794 517 908 570 abit
938 519 995 569 in
1027 522 1315 588 angustum
1348 522 1401 571 et
1431 537 1627 589 magno
1661 519 1866 588 impetu
1912 540 1932 574 5

170 593 370 663 agitur,
421 593 546 660 quia
585 611 695 645 non
733 593 937 660 patitur
973 593 1255 660 utriusque
1297 596 1489 645 natura
1529 594 1867 646 concordiam

167 684 267 720 nec
315 667 370 718 in
416 684 524 719 uno
572 685 790 719 moram.
869 666 1081 736 fugiens
1130 685 1256 738 ergo
1297 671 1350 719 et
1397 668 1542 720 omni
1581 668 1741 720 modo
1781 685 1867 720 cu-

169 741 321 810 piens
370 741 620 793 excedere
666 741 914 810 proxima
953 759 1194 809 quaeque
1238 742 1521 794 remolitur
1565 760 1625 794 ac
1673 741 1867 795 iactat.'

171 815 397 883 ideoque
431 817 715 884 antequam
755 818 896 867 terra
927 819 1218 884 moveatur,
1260 815 1396 868 solet
1426 817 1664 887 mugitus
1698 816 1869 868 audiri

169 890 342 943 ventis
383 890 437 941 in
479 889 659 942 abdito
700 889 1169 943 tumultuantibus.
1237 907 1336 942 nec
1375 891 1517 942 enim
1558 890 1712 943 aliter
1749 909 1869 960 pos·
1894 911 1938 945 ιο

172 967 266 1031 set,
304 966 366 1015 ut
405 963 480 1015 ait
517 967 700 1016 noster
738 963 1088 1034 Vergilius,

262 1068 359 1121 sub
400 1067 625 1137 pedibus
666 1068 873 1138 mugire
914 1068 1088 1120 solum
1129 1070 1182 1120 et
1221 1068 1347 1138 iuga
1385 1069 1525 1121 celsa
1563 1069 1781 1137 moveri,

172 1172 279 1225 nisi
334 1171 437 1224 hoc
491 1175 630 1225 esset
676 1174 958 1224 ventorum
1015 1189 1163 1240 opus.
1252 1171 1413 1225 ‘uices
1469 1171 1656 1225 deinde
1710 1172 1870 1225 huius

172 1264 386 1316 pugnae
440 1249 564 1298 sunt
614 1246 842 1299 eaedem:
893 1246 956 1297 fit
1007 1246 1165 1298 calidi
1206 1247 1550 1317 congregatio
1591 1266 1652 1300 ac
1689 1265 1871 1299 rursus

175 1321 400 1390 eruptiO,
451 1324 579 1373 tunc
629 1320 826 1390 frigida
876 1323 1288 1389 compescuntur
1326 1324 1379 1373 et
1418 1321 1709 1374 succedunt
1746 1339 1941 1393 mogus

174 1395 357 1447 futura
387 1395 725 1463 potentiora.'
776 1394 902 1447 dum
935 1413 1062 1465 ergo
1094 1396 1299 1447 alterna
1322 1395 1404 1447 vis
1437 1399 1614 1448 cursat
1645 1398 1700 1448 et
1729 1391 1872 1448 ultro
1908 1393 1915 1396 ’

177 1470 420 1537 citroque
461 1469 680 1538 spiritus
723 1472 1000 1538 commeat,
1040 1472 1181 1521 terra
1220 1470 1534 1522 concutitur.

294 1544 377 1595 14.
441 1541 579 1595 Sunt
626 1544 718 1612 qui
765 1543 1073 1596 existiment
1119 1544 1310 1612 spiritu
1362 1544 1578 1612 quidem
1629 1547 1683 1597 et
1725 1545 1875 1596 nulla

179 1617 282 1670 alia
319 1618 527 1670 ratione
567 1621 791 1670 tremere
831 1621 1050 1686 terram,
1098 1618 1189 1670 sed
1229 1636 1293 1671 ex
1340 1618 1444 1670 alia
1490 1636 1667 1687 causa,
1716 1636 1873 1686 quam

178 1690 528 1744 Aristoteli
583 1691 799 1761 placuit.
878 1692 1007 1760 quid
1063 1693 1152 1759 sit,
1209 1692 1352 1761 quod
1407 1693 1473 1745 ab
1524 1693 1609 1745 his
1658 1693 1874 1756 dicatur,
1901 1715 1945 1747 20

179 1766 324 1819 audi:
372 1784 564 1835 corpus
603 1770 846 1820 nostrum
888 1770 941 1819 et
980 1767 1238 1837 sanguine
1277 1767 1531 1837 irrigatur
1569 1769 1622 1819 et
1669 1767 1877 1835 spiritu,

302 1902 440 1940 5—10
472 1899 530 1952 cf
556 1899 733 1942 Aetnae
756 1913 795 1943 v.
815 1901 901 1942 301
937 1913 1056 1942 aura
1075 1904 1259 1955 puynat
1282 1899 1333 1941 in
1358 1903 1567 1956 anyusto,
1599 1903 1640 1940 et
1663 1912 1878 1955 maynum

180 1962 537 2002 commurmurat
552 1959 704 2002 Aetna
727 1959 742 2014 ΙΙ
766 1963 808 2000 7.
824 1962 849 1999 8
866 1957 924 2011 cf.
943 1958 1121 2001 Aetnae
1144 1960 1285 2001 v.112
1301 1963 1341 2001 et
1363 1958 1548 2015 fuqiens
1570 1957 1756 2001 molitur
1779 1958 1876 2000 iter.

183 2020 269 2060 151
294 2017 391 2061 ruit
422 2031 514 2073 qua
530 2018 749 2073 Ρνοωίηια
772 2016 948 2061 cedunt.
1012 2019 1101 2061 305
1126 2023 1169 2061 et
1183 2018 1403 2073 proxima
1425 2031 1596 2061 seeum.
1617 2017 1846 2061 ..trahunt
1865 2018 1880 2074 ΙΙ

182 2081 234 2119 12
275 2077 403 2133 Very.
429 2077 544 2119 Aen.
580 2077 653 2120 VI
669 2080 764 2120 256
797 2079 812 2133 ΙΙ
846 2080 896 2118 13
929 2078 986 2131 ef.
1019 2077 1196 2120 Aetnae
1227 2090 1254 2120 v
1301 2080 1390 2120 159
1419 2090 1694 2121 concrescere
1729 2077 1880 2120 causis

184 2139 352 2191 (tempt.
378 2137 549 2190 venti)
569 2140 748 2179 tantum
765 2150 879 2192 opus
902 2137 916 2191 ΙΙ
942 2141 1065 2178 21-
1011 2150 1126 2192 -Ρ,
1140 2138 1246 2189 211,
1263 2140 1290 2179 7
1306 2137 1362 2189 cf.
1380 2138 1554 2179 Aetnae
1570 2150 1635 2180 vv.
1652 2139 1877 2179 98—101.

303 2254 431 2297 lubi
457 2255 564 2298 add.
588 2255 664 2299 Ge.
696 2257 701 2310 Ι
729 2254 878 2311 frigus
900 2254 997 2312 Ge]
1026 2254 1147 2297 alius
1171 2256 1186 2311 ΙΙ
1209 2259 1237 2297 2
1263 2256 1515 2312 angustum
1539 2255 1592 2313 η]
1619 2253 1842 2310 angulum
1866 2255 1880 2310 ΙΙ

185 2318 211 2358 3
238 2327 262 2356 e
287 2315 394 2358 add
415 2315 540 2367 Ald„
571 2315 649 2358 sed
672 2315 729 2369 cf.
756 2328 821 2370 ep
842 2317 914 2368 94,
929 2314 1057 2369 QG.
1075 2315 1270 2368 Muller)
1295 2315 1309 2370 ΙΙ
1333 2318 1361 2356 4
1393 2313 1442 2356 in
1475 2327 1573 2357 cau.
1608 2318 1714 2358 ante
1745 2312 1880 2356 illata

186 2374 246 2427 δ,
285 2374 335 2416 in
367 2387 451 2417 om
486 2374 683 2430 Madvig]
714 2375 728 2430 ΙΙ
760 2379 786 2416 6
820 2373 996 2431 agitur]
1029 2374 1059 2417 i.
1085 2387 1119 2417 e.
1153 2374 1361 2430 ayitatur
1388 2375 1394 2429 Ι
1422 2386 1545 2416 conc.
1580 2373 1750 2415 natura
1780 2372 1877 2417 coll.

186 2434 224 2476 d
247 2434 261 2488 ΙΙ
286 2438 311 2476 7
345 2433 459 2490 uno]
491 2446 635 2476 unam
667 2436 700 2474 B
731 2447 876 2476 unum
908 2437 946 2474 A
968 2434 983 2489 ΙΙ
1008 2437 1033 2475 8
1068 2433 1133 2491 et]
1167 2447 1250 2477 om.
1277 2434 1354 2477 (51⁸
1383 2434 1389 2489 Ι
1416 2432 1658 2476 remolitur
1688 2432 1879 2489 θλΡΖ]

188 2490 440 2536 demolitur
470 2496 588 2534 ELT
619 2492 811 2535 molitur
842 2494 880 2536 δ
903 2494 918 2548 ΙΙ
941 2497 968 2534 9
1002 2492 1107 2537 aud
1140 2507 1264 2549 mug.
1299 2493 1395 2536 coll.
1421 2493 1459 2536 δ
1482 2494 1496 2548 ΙΙ
1520 2496 1566 2534 11
1596 2491 1754 2549 Verg]
1786 2490 1883 2534 uir-

188 2550 332 2607 gilius
379 2553 497 2596 trad
537 2557 590 2596 ut
634 2566 804 2608 semper
848 2552 942 2606 fere
979 2553 994 2607 ΙΙ
1032 2556 1083 2594 12
1132 2551 1274 2609 celsa]
1327 2554 1493 2607 coepta
1534 2552 1660 2608 Very.
1701 2551 1826 2594 codd.
1868 2551 1882 2605 ΙΙ

186 2615 237 2653 13
271 2610 462 2677 deinde]
493 2611 597 2664 fort.
633 2611 851 2667 deinceps
888 2611 965 2654 Ge.
1002 2613 1017 2667 ΙΙ
1051 2615 1103 2653 14
1134 2611 1347 2655 eaedem:
1379 2610 1433 2653 fit
1467 2611 1566 2668 Ge]
1600 2610 1712 2653 defit
1743 2608 1884 2654 sz⁸

189 2668 313 2714 desit
347 2671 400 2713 Φ
438 2670 596 2713 deficit
627 2675 688 2725 Η,
727 2670 838 2713 hae:
871 2670 924 2713 fit
948 2671 1168 2727 Madviy,
1201 2670 1353 2714 denuo
1384 2669 1436 2713 fit
1468 2670 1657 2714 Skutsch
1684 2671 1689 2724 Ι
1719 2669 1883 2727 calidi]

189 2728 333 2773 calori
350 2733 427 2771 EI.
451 2731 466 2786 ΙΙ
489 2734 538 2771 15
555 2729 750 2787 frigida]
769 2729 945 2786 frigora
961 2733 1042 2771 ΔΕ
1066 2731 1072 2785 Ι
1101 2729 1375 2787 succedunt]
1394 2729 1640 2773 succidunt
1657 2729 1854 2785 Madviy
1868 2730 1882 2784 ΙΙ

189 2793 240 2831 16
281 2789 411 2846 ergo]
460 2803 542 2832 om.
579 2791 632 2832 Φ
669 2791 684 2844 ΙΙ
721 2794 771 2831 18
813 2787 1100 2846 existiment]
1148 2788 1419 2832 existimant
1457 2803 1489 2847 ρ
1537 2788 1756 2832 estiment
1794 2789 1832 2832 d·
1867 2789 1883 2844 ΙΙ

189 2852 248 2891 20
279 2847 477 2906 placuit]
510 2847 667 2904 placet
699 2850 736 2892 δ
767 2850 780 2903 ΙΙ
812 2854 863 2891 21
896 2848 1049 2905 audi:]
1081 2848 1174 2891 Aer
1205 2848 1311 2892 add.
1338 2849 1376 2892 δ
1403 2849 1408 2906 Ι
1445 2847 1672 2905 sanguine
1706 2847 1781 2890 irr.
1816 2847 1882 2905 et]

191 2906 468 2964 sanguinem
498 2906 665 2964 irrigat
696 2909 734 2951 δ’
