1988 3138
63 951 104 982 10

66 1323 104 1355 15

542 135 770 181 NATUR.
803 134 1056 191 QUAEST.
1086 136 1199 182 LIB.
1230 137 1308 183 ΠΙ.
1343 142 1413 183 25.
1725 138 1829 193 121

132 259 393 328 quaedam
432 258 500 311 ad
549 258 928 327 aequilibrium
968 277 1136 329 aquae
1188 259 1525 313 descendant.
1601 280 1834 330 namque

132 352 254 387 cum
292 334 573 403 utriusque
610 333 822 402 pondus
861 351 961 402 par
995 336 1093 402 est,
1130 337 1322 386 neutra
1357 352 1442 388 res
1483 337 1638 388 alteri
1677 336 1833 405 cedit,

130 409 378 479 graviora
423 407 772 476 descendunt,
817 406 1021 460 leviora
1067 411 1359 477 gestantur.
1445 427 1607 480 grave
1654 413 1833 463 autem

130 487 185 535 et
229 484 347 535 leve
386 485 468 535 est
504 500 615 534 non
653 482 1023 535 aestimatione
1062 486 1262 552 nostra,
1301 485 1394 537 sed
1434 486 1834 554 comparatione

129 558 266 625 eius,
320 574 427 626 quo
481 555 606 609 vehi
660 556 830 609 debet.
908 558 1089 626 itaque
1143 557 1239 610 ubi
1293 577 1431 627 aqua
1485 559 1700 630 gravior
1754 563 1835 613 est

127 631 363 684 hominis
403 648 623 700 corpore
671 634 765 684 aut
804 649 944 700 saiw,
989 650 1101 684 non
1141 632 1270 684 sinit
1308 633 1386 702 id,
1426 651 1532 702 quo
1571 653 1683 687 non
1721 635 1832 687 vin-

128 707 283 773 citur,
332 706 525 776 mergi:
579 706 656 758 sic
706 707 906 774 evenit,
944 709 1006 758 ut
1056 707 1114 758 in
1152 707 1475 775 quibusdam
1523 710 1728 779 stagnis
1768 727 1835 762 ne

126 781 332 850 lapides
366 780 581 849 quidem
613 798 831 849 pessum
863 783 1001 833 eant.
1054 781 1118 834 de
1151 782 1337 835 solidis
1371 786 1425 834 et
1449 783 1595 836 duris
1627 785 1833 852 loquor.

129 858 255 907 sunt
304 855 446 907 enim
498 855 657 907 multi
707 855 975 924 pumicosi
1026 858 1080 908 et
1128 855 1296 924 leves,
1347 875 1412 909 ex
1461 858 1657 926 quibus
1699 877 1835 928 quae

130 932 379 983 constant
416 929 622 982 insulae
661 930 716 981 in
753 929 939 998 Lydia,
977 933 1188 983 natant:
1227 930 1714 1001 Theophrastus
1755 936 1837 986 est

128 1007 326 1056 auctor.
411 1004 527 1073 ipse
578 1003 646 1056 ad
698 1002 923 1058 Cutilias
983 1007 1258 1058 natantem
1311 1007 1542 1059 insulam
1593 1009 1726 1077 vidi,
1781 1011 1836 1060 et

129 1078 234 1130 alia
266 1079 323 1131 in
346 1077 659 1132 Vadimonis
691 1078 813 1132 lacu
836 1079 1052 1132 vehitur
1077 1078 1247 1151 (lacus
1280 1081 1338 1132 in
1364 1079 1680 1135 Statoniensi
1714 1081 1832 1153 est).

130 1151 453 1206 Cutiliarum
504 1154 681 1206 insula
730 1157 785 1206 et
836 1154 1050 1207 arbores
1101 1154 1266 1207 habet
1306 1158 1359 1208 et
1408 1155 1600 1209 herbas
1641 1158 1834 1210 nutrit:

127 1231 309 1280 tamen
346 1246 487 1297 aqua
526 1229 821 1281 sustinetur
859 1232 913 1281 et
963 1229 1020 1281 in
1058 1227 1198 1282 hanc
1238 1232 1398 1299 atque
1438 1230 1587 1283 illam
1626 1236 1836 1300 partem

127 1321 238 1355 non
283 1306 444 1355 vento
492 1306 704 1355 tantum
752 1303 845 1356 sed
892 1322 1020 1356 aura
1067 1304 1387 1374 impellitur,
1433 1323 1532 1358 nec
1578 1324 1835 1375 umquam

128 1377 209 1430 illi
248 1396 346 1446 per
376 1377 517 1430 diem
557 1395 620 1430 ac
657 1380 871 1430 noctem
910 1397 1020 1431 uno
1058 1377 1180 1431 loco
1221 1380 1383 1432 statio
1416 1383 1520 1434 est:
1560 1381 1690 1434 adeo
1723 1400 1835 1434 mo-

128 1455 285 1504 vetur
321 1451 428 1504 levi
465 1452 613 1504 flatu.
675 1451 803 1506 huic
836 1452 1035 1522 duplex
1067 1471 1228 1507 causa
1259 1457 1361 1508 est:
1401 1473 1571 1523 aquae
1601 1457 1836 1525 gravitas

128 1526 424 1580 medicatae
456 1531 510 1579 et
549 1525 617 1579 ob
658 1525 762 1579 hoc
798 1528 1147 1597 ponderosae,
1186 1531 1240 1581 et
1278 1529 1448 1598 ipsius
1489 1529 1695 1583 insulae
1726 1549 1836 1583 ma-

128 1602 263 1654 teria
300 1601 597 1669 vectabilis,
637 1619 773 1670 quae
811 1620 923 1655 non
962 1606 1042 1655 est
1083 1604 1321 1672 corporis
1374 1603 1548 1674 solidi,
1589 1607 1833 1674 quamvis

129 1675 346 1729 arbores
386 1676 508 1728 alat.
586 1675 814 1729 fortasse
853 1677 997 1730 enim
1046 1677 1190 1730 leves
1242 1681 1460 1732 truncos
1513 1679 1835 1749 frondesque

128 1750 185 1803 in
235 1751 355 1804 lacu
406 1769 616 1820 sparsas
666 1751 886 1822 pinguis
937 1769 1094 1804 umor
1144 1752 1498 1822 apprehendit
1548 1772 1610 1807 ac
1647 1755 1833 1807 vinxit.

129 1826 309 1895 itaque
356 1826 517 1878 etiam
565 1825 612 1877 si
659 1843 767 1894 qua
803 1826 861 1878 in
907 1825 1002 1878 illa
1049 1845 1175 1879 saxa
1215 1831 1356 1896 su'nt,
1395 1827 1635 1883 invenies
1677 1847 1834 1883 exesa

247 2013 299 2052 10
337 2009 692 2067 Theophrastus:
723 2009 843 2054 inter
871 2010 1038 2069 fraym.
1064 2011 1134 2055 W.
1168 2012 1299 2057 deest.

130 2180 156 2224 1.
183 2180 274 2224 III
299 2186 339 2226 et
371 2182 399 2225 1.
431 2181 465 2225 Ι
473 2182 555 2226 Va
586 2195 670 2225 om.
704 2182 851 2238 (HA),
889 2181 968 2227 sed
1007 2180 1262 2227 efferantur
1292 2183 1399 2228 add.
1437 2184 1647 2230 Ghisiani
1677 2184 1778 2229 Vat.
1805 2189 1837 2230 2

130 2239 310 2298 Pray.’,
342 2254 399 2285 εκ
432 2242 573 2297 Φ(θ·)
606 2241 777 2298 pendet
808 2254 834 2285 ε
866 2242 961 2286 iam
991 2257 1026 2299 η
1057 2256 1175 2286 nom.
1209 2244 1223 2300 ΙΙ
1263 2247 1291 2286 2
1322 2258 1367 2300 p.
1400 2258 1487 2300 par
1529 2246 1602 2288 est
1636 2244 1707 2303 Φ]
1748 2258 1836 2301 par

128 2302 201 2343 est
230 2314 272 2356 p.
308 2314 342 2359 ρ
378 2302 384 2357 1
418 2315 461 2344 n.
493 2300 588 2359 res]
628 2302 687 2355 cf.
718 2301 829 2345 haec
857 2315 928 2346 res
959 2301 1052 2346 III
1069 2316 1143 2359 pr.
1171 2306 1244 2357 16,
1276 2318 1321 2347 n.
1355 2304 1430 2348 uis
1460 2304 1525 2347 II
1543 2307 1618 2359 58,
1642 2308 1688 2358 2,
1720 2318 1836 2348 neu-

127 2361 294 2415 traque
334 2372 406 2403 res
444 2358 542 2416 ηδ’
579 2362 593 2417 u
632 2364 659 2403 3
700 2360 991 2405 descendunt
1020 2362 1074 2420 η]
1123 2361 1358 2407 decedunt
1395 2365 1519 2408 naz
1568 2364 1835 2408 decendunt

127 2421 269 2475 2(?)·1·
316 2418 566 2463 discedunt
604 2424 638 2462 P
685 2419 912 2464 decidunt
940 2425 974 2463 P
1019 2422 1033 2478 ΙΙ
1080 2425 1105 2464 6
1140 2421 1258 2480 eius]
1308 2436 1392 2467 om.
1506 2424 1520 2480 ΙΙ
1567 2428 1594 2467 6
1642 2438 1834 2481 corpore

128 2479 351 2536 (n?)8'1·z
416 2478 622 2536 corporis
671 2482 676 2535 Ι
723 2493 835 2524 saxo
879 2480 1094 2539 Skutsch]
1139 2481 1240 2525 saxi
1286 2483 1301 2539 ΙΙ
1347 2486 1399 2525 10
1480 2482 1595 2539 ydia
1627 2484 1832 2528 Hermol.

129 2538 273 2583 Barb.
298 2554 328 2582 a
378 2539 502 2583 Ptin.
521 2539 587 2583 H.
603 2539 663 2582 N.
688 2540 859 2598 ,2,209]
883 2539 1016 2584 india
1039 2541 1054 2596 ΙΙ
1077 2545 1124 2584 11
1141 2539 1339 2585 Cutilias
1355 2542 1580 2601 Hermol]
1607 2542 1795 2587 cutillas
1823 2548 1828 2598 Ι

128 2597 230 2641 uidi
260 2598 476 2656 Fortun]
527 2598 652 2642 uado
703 2602 710 2656 Ι
759 2602 808 2643 et
838 2598 954 2658 alia]
1002 2599 1117 2644 ialia
1147 2604 1231 2643 ΕΤ
1285 2601 1335 2645 in
1375 2601 1472 2646 alia
1502 2607 1532 2645 z
1586 2601 1725 2647 italia
1755 2608 1788 2645 P
1820 2605 1834 2660 ΙΙ

129 2659 184 2700 18
215 2655 490 2702 Vadimonis
522 2658 676 2717 Fora]
707 2658 899 2703 uadosis
950 2661 956 2716 Ι
1005 2659 1136 2704 lacus
1168 2660 1236 2718 in]
1279 2660 1376 2705 alia
1407 2660 1458 2705 in
1489 2661 1595 2706 lacu
1627 2662 1831 2707 Hermol.

130 2720 215 2760 aut
244 2716 459 2772 Fortun,
489 2720 596 2774 fort.
641 2716 671 2761 l.
715 2717 764 2761 in
798 2731 911 2776 agro
947 2719 1026 2764 Ge.
1078 2723 1083 2775 Ι
1135 2719 1423 2765 Statoniensi
1457 2722 1659 2766 Hermol.
1686 2723 1830 2766 Barb.

130 2776 377 2836 sec.Plin.]
417 2777 620 2821 statione
651 2777 743 2821 uisi
783 2777 891 2834 (nisi
933 2778 1149 2827 ςΕἘΡΖ
1196 2779 1292 2824 tusi
1325 2783 1374 2838 Τ)
1410 2782 1463 2824 Φ
1504 2783 1518 2838 ΙΙ
1556 2785 1606 2824 13
1649 2781 1834 2825 cutilia-

131 2849 234 2878 rum
262 2834 487 2896 Hermol]
528 2837 798 2881 catillarum
829 2839 843 2895 ΙΙ
874 2842 924 2881 1⁶
958 2837 1218 2895 impellitur
1247 2840 1346 2899 Ἑλ]
1387 2854 1536 2897 comp.
1570 2843 1583 2898 ΙΙ
1615 2845 1664 2883 18
1699 2843 1747 2883 et
1778 2841 1832 2899 λ]

130 2908 215 2938 om.
247 2895 374 2954 802
409 2901 415 2953 Ι
449 2897 664 2954 materia]
712 2910 796 2941 om.
830 2896 966 2941 21²1
1008 2900 1023 2954 ΙΙ
1065 2902 1117 2942 21
1149 2898 1258 2943 lacu
1289 2900 1607 2957 (⁷2)02Pinc.]
1658 2899 1788 2944 lacus
1821 2902 1835 2958 ΙΙ

131 2958 191 2998 22
223 2966 361 2999 exesa
392 2955 603 3015 83222]
636 2970 815 3012 aquosa
846 2957 1056 3017 211¹J²Q

1868 946 1895 986 8

1868 1842 1924 1882 10
