1988 3138
251 109 361 162 242
408 156 418 159 -
785 110 836 154 L.
868 110 1106 155 ANNAEI
1138 111 1412 157 SENECAE

161 251 165 276 :
251 249 461 298 semper
501 234 797 300 agerentur,
838 249 945 300 quo
984 235 1174 285 ventus
1225 234 1315 286 hic
1352 235 1563 287 nititur:
1617 237 1765 304 atqui
1803 238 1948 290 varie

81 328 93 353 a.
161 324 165 357 «ς
199 315 204 331 ³
249 308 610 373 cucurrerunt,
661 306 752 357 alii
802 306 860 357 in
899 309 1078 358 ortum
1118 307 1210 359 alii
1259 309 1318 359 in
1357 327 1618 377 occasum,
1659 329 1841 364 omnes
1891 313 1950 364 in

10 373 19 380 '
146 438 157 450 υ
249 377 471 447 flexum3
519 380 662 447 quod
712 381 814 432 iter
851 398 962 432 non
1001 380 1149 433 daret
1186 385 1390 435 ventus.
1471 383 1659 436 deinde
1710 385 1755 437 si
1801 387 1949 454 aqui-

247 453 387 506 lonis
427 453 550 506 illos
590 454 821 522 impetus
862 474 893 506 a
930 455 1088 507 terris
1127 456 1186 507 in
1224 457 1391 508 altum
1422 458 1637 526 levaret,
1677 459 1795 511 aliis
1827 478 1949 512 ven-

248 527 318 580 tis
356 545 469 579 non
506 528 774 580 orirentur
813 532 1072 582 cometae:
1114 531 1264 598 atqui
1303 532 1561 584 oriuntur.

363 601 409 654 8.
449 600 607 654 Illam
645 620 789 655 nunc
826 604 1089 656 rationem
1129 605 1243 656 eius
1283 602 1532 675 (utraque
1571 606 1714 659 enim
1752 606 1947 679 utitur)

246 677 574 729 refellamus:
616 675 892 746 ‘quicquid
930 677 1099 730 umidi
1133 679 1372 748 aridique
1404 684 1545 732 terra
1577 681 1794 749 efflavit,
1827 700 1947 735 cum

248 751 305 802 in
373 769 541 803 unum
612 752 720 803 coit
731 793 745 819 ,
814 751 932 820 ipsa
1002 752 1267 806 discordia
1337 772 1623 822 corporum
1698 756 1946 823 spiritum

247 827 427 877 versat
476 826 532 877 in
581 825 876 896 turbinem3
927 829 1055 878 tunc
1105 827 1199 879 illa
1244 828 1325 880 vis
1373 829 1519 881 venti
1567 829 1946 883 circumeuntis

248 899 504 967 quicquid
543 900 685 951 intra
724 918 778 952 se
819 900 1238 970 comprehendit,
1278 921 1436 955 cursu
1478 921 1573 956 suo
1615 904 1856 957 accendit
1895 909 1948 957 et
1972 929 1987 959 1

246 972 389 1026 levat
439 974 496 1025 in
536 973 718 1042 altum,
768 992 831 1026 ac
880 977 991 1026 tam
1032 975 1123 1028 diu
1162 980 1342 1029 manet
1381 977 1633 1046 splendor
1679 978 1820 1049 ignis
1861 998 1946 1032 ex—

247 1048 432 1116 pressi,
466 1049 720 1116 quamdiu
755 1049 1008 1101 alimenta
1039 1050 1329 1117 sufficiunt,
1355 1051 1549 1119 quibus
1583 1052 1946 1106 desinentibus

191 1162 211 1173 -
247 1125 301 1174 et
339 1123 454 1191 ipse
495 1122 757 1175 subsidit.9
837 1124 929 1192 qui
970 1123 1074 1176 hoc
1115 1124 1264 1193 dicit,
1302 1143 1412 1178 non
1450 1129 1626 1195 notat,
1665 1128 1836 1195 qualis
1877 1129 1948 1180 sit

246 1197 524 1249 turbinum
566 1214 750 1250 cursus
790 1200 844 1249 et
874 1198 1048 1265 qualis
1089 1203 1438 1252 cometarum:
1479 1201 1696 1253 illorum
1729 1202 1945 1270 rapidus

246 1288 307 1323 ac
359 1271 627 1323 violentus
683 1275 737 1324 et
790 1272 921 1340 ipsis
975 1274 1149 1326 ventis
1205 1274 1418 1326 citatior
1471 1277 1565 1343 est,
1620 1279 1988 1330 cometarum1

243 1346 379 1397 lenis
432 1349 485 1397 et
525 1346 617 1414 qui
666 1364 763 1414 per
802 1345 942 1398 diem
992 1351 1311 1417 noctemque
1364 1352 1625 1417 quantum
1675 1351 1948 1403 transierit

246 1419 550 1472 abscondat.
630 1419 819 1472 deinde
865 1422 1143 1473 turbinum
1191 1426 1370 1476 motus
1409 1441 1577 1493 vagus
1624 1427 1705 1477 est
1751 1428 1805 1477 et
1843 1425 1945 1478 dis-

245 1494 414 1546 iectus
455 1498 521 1561 et,
561 1497 623 1546 ut
662 1493 938 1547 Salustii
977 1496 1137 1549 verbo
1175 1500 1320 1564 utar,
1358 1498 1677 1567 verticosus,
1718 1503 1945 1552 cometa-

245 1587 365 1620 rum
429 1572 604 1620 autem
667 1570 997 1638 compositus
1060 1574 1113 1622 et
1176 1571 1499 1624 destinatum
1554 1572 1656 1624 iter
1709 1591 1942 1642 carpens.

188 1657 212 1693 3
244 1661 375 1695 num
416 1642 536 1710 quis
576 1647 822 1695 nostrum
863 1645 1100 1697 crederet
1141 1646 1325 1697 lunam
1366 1649 1459 1698 aut
1497 1648 1732 1715 quinque
1773 1648 1945 1700 sidera
1969 1670 1988 1701 2

245 1718 364 1786 rapi
402 1720 563 1769 vento
604 1720 697 1769 aut
736 1718 950 1770 turbine
987 1719 1189 1771 rotari?
1256 1738 1388 1789 non,
1428 1724 1490 1773 ut
1527 1725 1674 1790 puto.
1747 1724 1945 1790 quare?

246 1791 374 1860 quia
412 1809 522 1843 non
562 1795 643 1844 est
681 1792 789 1844 illis
828 1794 1174 1861 perturbatus
1214 1798 1268 1847 et
1306 1795 1574 1863 impotens
1614 1813 1813 1849 cursus,
1878 1797 1944 1848 ad

245 1868 476 1918 cometas
528 1866 669 1918 idem
719 1867 1122 1920 transferamus:
1173 1887 1284 1921 non
1330 1869 1551 1922 confuse
1596 1887 1696 1922 neo
1746 1871 1943 1923 tumul-

364 2045 390 2083 3
423 2040 601 2085 Lucan.
631 2043 795 2086 Phars.
822 2046 866 2096 9,
889 2046 980 2086 455
995 2057 1057 2098 sq.
1092 2049 1141 2088 at
1171 2058 1266 2088 non
1295 2045 1579 2099 imbriferum
1610 2051 1809 2090 contorto
1835 2047 1943 2102 pul-

243 2102 550 2204 ΞεὲνεΜηαόεηι
597 2102 649 2144 i‘n
694 2103 862 2157 flexum
909 2103 1134 2147 violentus
1179 2105 1288 2162 ayit.
1338 2105 1352 2161 ΙΙ
1397 2109 1448 2146 18
1489 2104 1583 2149 Sal.
1615 2105 1739 2148 Hist.
1772 2106 1833 2160 fr.
1867 2106 1949 2149 IV

363 2328 391 2366 2
424 2326 727 2368 cucurrerunt
761 2325 831 2383 Φ]
874 2327 1155 2369 concurrunt
1185 2327 1224 2370 δ
1232 2331 1308 2368 ΕΤ
1339 2328 1354 2382 ΙΙ
1386 2331 1412 2369 3
1444 2327 1535 2370 iter
1567 2327 1693 2382 quod
1727 2329 1822 2372 coll.
1858 2328 1896 2371 δ
1927 2329 1942 2385 ΙΙ

245 2387 272 2425 4
305 2396 334 2425 a
375 2383 531 2441 terris]
577 2397 659 2427 om.
695 2384 733 2427 δ
742 2388 777 2426 Ε
821 2386 826 2439 Ι
870 2384 996 2442 aliis]
1039 2386 1143 2440 fort.
1186 2385 1291 2429 aliis
1331 2385 1553 2430 flantibus
1589 2386 1666 2430 Ge.
1699 2387 1713 2443 n
1746 2391 1770 2428 5
1812 2387 1939 2445 orir.]

244 2444 485 2486 orerentur
517 2443 707 2487 Skutsch
742 2445 747 2500 1
791 2444 943 2502 atqui]
978 2444 1082 2487 aliis
1123 2445 1229 2488 add.
1257 2446 1295 2489 δ
1327 2446 1340 2501 ΙΙ
1372 2450 1398 2488 6
1430 2445 1581 2504 illam]
1614 2460 1670 2489 sc.
1705 2447 1895 2489 alteram
1927 2447 1942 2503 Ι]

243 2506 294 2543 10
316 2502 687 2560 comprehendit]
715 2503 1008 2559 comprendit
1031 2507 1109 2546 HJ
1117 2506 1267 2560 L(o)z
1293 2504 1483 2560 depreh.
1501 2506 1539 2549 δ
1566 2507 1573 2562 Ι
1602 2506 1704 2563 suo]
1729 2519 1812 2549 om.
1830 2510 1909 2561 ηΕ
1926 2507 1941 2562 Ι]

243 2565 288 2602 11
312 2560 435 2617 ignis
455 2561 676 2617 splendor
690 2563 788 2606 coll.
807 2564 845 2606 δ
861 2564 875 2619 ΙΙ
898 2567 950 2605 14
974 2562 1235 2621 turbinum]
1259 2564 1460 2607 turbinis
1485 2566 1523 2608 d
1549 2566 1554 2620 Ι
1579 2564 1786 2622 illorum]
1811 2564 1939 2608 illius

244 2621 283 2664 δ
321 2621 335 2677 ΙΙ
374 2624 425 2663 16
458 2623 506 2664 et
537 2621 618 2676 qui
657 2622 758 2679 per]
799 2635 882 2678 per
913 2635 1053 2678 quem
1084 2624 1122 2666 d
1156 2624 1162 2678 Ι
1198 2624 1446 2681 quantum]
1487 2636 1628 2678 quam
1660 2625 1698 2668 δ
1729 2625 1742 2680 ΙΙ
1773 2628 1822 2666 17
1858 2624 1937 2667 ab-

244 2679 460 2737 scondat]
493 2680 587 2723 -dit
618 2681 835 2737 δΕ(.Ῐ)’1“1
871 2683 875 2736 Ι
911 2695 1060 2738 uagus
1093 2684 1165 2726 est
1196 2683 1347 2740 6292]
1381 2684 1454 2727 est
1482 2696 1632 2740 uagus
1657 2684 1733 2726 λΤ
1766 2685 1838 2726 est
1867 2688 1900 2725 P
1923 2685 1941 2739 ΙΙ

243 2743 293 2780 18
325 2739 469 2782 uerbo
501 2739 549 2796 Ζ]
590 2739 746 2782 uerbis
779 2741 922 2794 trad„
961 2743 1069 2784 utar
1105 2741 1262 2785 uerbis
1293 2746 1370 2797 ηΕ
1410 2743 1508 2786 coll.
1543 2743 1556 2799 Η
1587 2746 1639 2784 19
1672 2743 1849 2800 autem]
1891 2745 1940 2786 et

243 2799 350 2842 add.
383 2799 422 2842 δ’
458 2800 463 2855 Ι
497 2798 606 2856 iter]
647 2813 729 2842 om.
762 2801 831 2844 vel
865 2806 968 2854 post
998 2813 1192 2856 carpens
1225 2802 1330 2845 add.
1364 2802 1398 2844 λ
1431 2803 1445 2858 ΙΙ
1476 2805 1534 2844 20
1566 2801 1691 2859 quis]
1732 2814 1874 2857 quam
1903 2817 1939 2858 η

244 2857 441 2912 quisque
458 2858 497 2901 δ
525 2859 529 2914 Ι
559 2858 786 2916 crederet]
813 2860 1056 2903 accederet
1075 2862 1185 2916 (η)Ε
1214 2861 1219 2916 Ι
1249 2860 1476 2918 quinque]
1501 2875 1583 2904 om.
1603 2862 1641 2904 δ
1664 2862 1678 2917 ΙΙ
1701 2865 1758 2903 23
1784 2862 1937 2904 trans-

242 2915 466 2974 feramus]
497 2919 627 2960 -atur
657 2919 695 2961 δ
731 2918 735 2973 Ι
770 2931 855 2961 nec
886 2919 998 2961 tum.
1033 2920 1164 2976 eunt]
1198 2922 1281 2962 aut
1310 2921 1425 2963 tum.
1459 2922 1542 2962 aut
1573 2921 1611 2964 δ’
