1988 3138
0 0 1988 32 p—————-—-———.—

483 167 710 212 NATUR.
744 167 996 222 QUAEST.
1030 168 1140 212 LIB.
1172 168 1251 213 ΠΙ.
1284 168 1499 213 PRAEF.
1772 170 1843 222 93

139 291 471 359 paenitentia
493 290 765 342 transitus.
815 290 969 343 ‘libet
1002 290 1169 359 igitur
1192 290 1327 342 mihi
1361 292 1656 344 exclamare
1689 293 1840 344 illum

141 368 331 433 poetae
371 365 544 416 incliti
583 382 796 417 versum

318 469 562 520 tollimus
603 469 848 539 ingentes
888 469 1096 521 animos
1136 471 1190 522 et
1229 469 1463 522 maxima
1501 488 1666 539 parvo

317 539 560 611 tem'pore
599 543 888 595 molimur.’

93 668 113 700 5
139 646 242 700 hoc
282 646 527 714 dicerem,
568 647 615 698 si
651 665 787 715 puer
826 646 1143 715 iuvenisque
1182 649 1401 702 molirer
1433 646 1665 719 (nullum
1700 649 1841 705 enim

137 739 248 774 non
296 725 409 773 tam
459 721 668 790 magnis
718 721 881 774 rebus
929 724 1142 790 tempus
1190 726 1477 793 angustum
1518 722 1645 794 est):
1699 742 1843 776 nunc

136 814 262 848 vero
295 795 362 847 ad
391 814 503 849 rem
530 796 738 863 seriam,
770 813 1001 866 gravem,
1034 797 1350 850 immensam
1374 801 1498 867 post
1523 798 1841 850 meridianas

138 869 295 923 horas
328 870 662 923 accessimus.
727 869 1005 922 ‘faciamus
1040 870 1185 939 quod
1215 871 1274 923 in
1312 872 1503 925 itinere
1534 872 1651 925 fieri
1683 874 1840 926 solet:
1874 889 1900 926 4

139 945 233 1012 qui
266 944 470 997 tardius
502 945 761 1013 exierunt,
791 945 1076 998 velocitate
1107 949 1336 1014 pensant
1367 965 1574 999 moram
1598 977 1673 984 —-
1695 947 1840 1000 festi·
1948 943 1965 1007 Ι

72 1040 114 1071 ι.)
137 1037 324 1071 nemus
376 1022 431 1072 et
450 1037 616 1095 Qs
667 1020 857 1091 nescio*
901 1039 969 1072 an
1016 1021 1340 1091 superabile,
1387 1039 1643 1093 magnum
1684 1024 1840 1088 certe,
1930 1075 1939 1086 ,

138 1094 253 1146 sine
307 1091 499 1147 aetatis
553 1088 906 1148 &cubatione
922 1093 1277 1147 “tractemus?
1356 1096 1563 1149 -crescit
1616 1097 1840 1164 animuS,

139 1168 391 1236 quotiens
454 1169 633 1237 coepti
695 1169 1122 1239 magnitudinem
1186 1170 1447 1238 ostendis,
1508 1173 1562 1224 et
1623 1171 1840 1241 cogitat,
1896 1171 1903 1178 '

137 1246 397 1310 quantum
438 1244 735 1312 proposit0‚
775 1262 885 1295 non
924 1246 1186 1312 quantum
1226 1245 1331 1297 sibi
1371 1245 1614 1314 supersit.

250 1315 640 1386 Consumpsere
680 1336 736 1370 se
769 1318 1004 1386 quidam,
1043 1318 1171 1371 dum
1210 1322 1329 1372 acta
1367 1337 1558 1389 regum
1599 1323 1840 1373 externo·
1874 1336 1898 1373 5

75 1411 112 1445 ιε
136 1410 255 1444 rum
308 1396 641 1461 componunt
692 1410 933 1461 quaeque
982 1394 1127 1462 passi
1179 1394 1412 1447 invicem
1453 1395 1675 1463 ausique
1715 1398 1840 1447 sunt

137 1467 349 1535 populi:
401 1470 602 1534 quanto
644 1467 812 1519 satius
852 1470 954 1536 est,
1005 1486 1102 1520 sua
1147 1469 1289 1521 mala
1328 1469 1639 1540 extinguere
1680 1487 1839 1538 quam

137 1540 312 1592 aliena
350 1542 582 1609 posteris
622 1540 867 1594 tradere?
937 1544 1142 1610 quanto
1182 1543 1380 1612 potius7
1419 1543 1638 1597 deorum
1680 1562 1841 1613 opera

138 1615 406 1668 celebrare
447 1633 610 1683 quam
644 1614 888 1685 Philippi
927 1619 1020 1668 aut
1051 1615 1346 1670 Alexandri
1383 1619 1668 1671 latrocinia
1706 1622 1839 1671 cete-

137 1707 445 1757 rorumque,
485 1691 578 1758 qui
618 1691 784 1743 exitio
824 1692 1065 1761 gentium
1101 1692 1230 1744 clari
1269 1710 1380 1744 non
1419 1693 1652 1746 minores
1693 1693 1840 1746 fuere

69 1786 115 1817 so
138 1767 316 1833 pestes
357 1765 665 1817 mortalium
709 1783 871 1833 quam
913 1765 1214 1834 inundatio,
1264 1785 1372 1835 qua
1416 1768 1637 1836 planum
1683 1786 1840 1820 omne

137 1839 415 1908 perfusum
455 1841 552 1906 est,
585 1858 743 1908 quam
787 1839 1152 1911 conflagrati0‚
1190 1859 1297 1909 qua
1335 1860 1530 1913 magna
1568 1860 1692 1911 pars
1732 1843 1840 1894 ani-

136 1914 397 1966 mantium
440 1913 683 1967 exaruit?
745 1914 1196 1983 quemadmodum
1237 1914 1509 1969 Hannibal
1547 1915 1715 1986 Alpes
1756 1936 1838 1970 su·
1873 1931 1898 1969 ⁴3

135 1988 430 2056 periecerit,
466 1989 722 2057 scribunt,
755 1989 1203 2057 quemadmodum
1238 1991 1613 2043 confirmatum
1646 1990 1840 2060 Hispa-

135 2062 255 2115 niae
295 2062 534 2114 cladibus
577 2063 776 2115 bellum
819 2062 1005 2117 Italiae
1055 2065 1361 2134 inopinatus
1414 2066 1655 2121 intulerit
1706 2066 1838 2119 frac-

256 2265 282 2303 3
324 2260 462 2306 FPR
496 2276 545 2317 p.
585 2265 674 2306 362
713 2262 881 2306 Baehr.
944 2265 1001 2318 cf.
1036 2263 1212 2308 Aetnae
1254 2278 1293 2309 v.
1326 2268 1387 2309 24
1437 2265 1607 2320 fortius
1656 2265 1839 2323 iynotas

133 2320 348 2365 molinam·
375 2327 551 2377 pectore
580 2335 727 2366 curas.

256 2511 278 2549 1
309 2506 479 2610 igitur]
508 2522 591 2551 om.
628 2510 710 2551 ΔΤ
754 2513 758 2562 Ι
802 2508 938 2568 mihi]
970 2510 1285 2555 interlocutori
1315 2510 1477 2555 licebat
1507 2511 1617 2555 haec
1646 2510 1793 2555 (bic-ere
1828 2514 1831 2565 l

136 2564 268 2610 illum
295 2568 412 2625 ΒΦ]
446 2567 459 2610 i
484 2567 574 2610 lius
600 2570 682 2611 ΔΤ
714 2570 727 2624 ΙΙ
758 2572 787 2611 2
812 2570 999 2628 poetae]
1026 2569 1327 2614 adulescentis
1343 2575 1472 2626 pute,
1495 2571 1601 2624 fort.
1623 2571 1835 2615 Neronis.

137 2626 311 2684 AyeHii
339 2627 451 2671 conl.
482 2627 608 2679 VJ2,
628 2631 654 2671 7
677 2629 792 2671 conii
821 2628 877 2673 R.
905 2629 1056 2687 Unyer
1084 2631 1099 2686 ΙΙ
1132 2633 1158 2672 3
1183 2630 1351 2688 paruo]
1385 2629 1513 2673 facta
1537 2629 1661 2687 (add.
1688 2631 1731 2685 ε)
1758 2632 1797 2673 Δ
1822 2631 1836 2685 ΙΙ

137 2688 164 2727 ⁸
198 2684 259 2745 si]
290 2687 339 2729 et
370 2686 406 2729 si
445 2688 579 2731 Gertz
610 2687 731 2741 falso
781 2691 786 2741 Ι
836 2687 982 2747 enim]
1021 2703 1105 2734 om.
1140 2691 1268 2733 ΔΕΤ
1314 2690 1328 2745 ss
1377 2693 1402 2731 8
1435 2689 1535 2732 fleri
1567 2689 1687 2733 solet
1717 2690 1834 2747 ΒΦ]

135 2743 258 2789 volet
296 2744 393 2788 fieri
442 2749 458 2801 u
503 2750 531 2789 9
562 2746 652 2803 qui'
697 2760 789 2802 quo
821 2750 861 2791 Δ
909 2750 923 2804 ΙΙ
969 2753 1022 2792 18
1053 2747 1285 2803 ostendis,
1321 2749 1419 2806 Ga]
1470 2748 1677 2792 ostendit
1715 2750 1831 2793 trad.

136 2804 321 2860 aspexit
344 2809 374 2848 Ζ
414 2805 620 2849 attendit
670 2806 846 2852 Iermol.
879 2809 894 2863 fl
924 2812 983 2851 20
1014 2821 1109 2864 qua
1140 2807 1587 2866 &gru-vvltrz]
1620 2807 1732 2864 quia
1764 2809 1834 2861 p).

135 2875 277 2918 qnam
303 2868 448 2908 enBI’
476 2868 482 2921 Ι
516 2864 730 2933 planum]
754 2864 943 2922 plenum
968 2869 1004 2912 λ
1034 2869 1049 2924 ΙΙ
1079 2870 1140 2911 22
1170 2880 1212 2911 a.
1240 2866 1544 2924 superiecerit
1571 2868 1641 2925 Φ]
1675 2880 1835 2923 super-

133 2920 302 2966 iecerit
323 2936 363 2967 a.
389 2929 423 2967 ’r
455 2926 750 2981 superauerit
779 2924 910 2982 alpes
936 2929 975 2970 Δ
1017 2940 1056 2971 a.
1085 2925 1378 2984 superauerit
1402 2931 1432 2969 z
1463 2929 1477 2983 ss
1509 2931 1565 2970 23
1593 2926 1835 2970 confirma-

137 2982 256 3039 tum]
289 2986 386 3026 -tus
420 2983 578 3028 Haase
1121 3014 1125 3017 -
